1627 3056
145 179 282 253 338<
485 177 742 236 S⁷1L11
824 182 1227 244 ITAL1C1

278 265 519 338 Optimus.
541 275 653 323 Heu
677 293 844 326 nomen
869 280 1295 349 melius-majusque
1314 285 1581 352 triumphis!

277 342 477 405 Jamque
497 342 634 405 petita
656 343 833 407 aderat,
852 347 981 395 Latia
1008 367 1213 410 portante
1233 392 1246 414 ‚
1270 353 1449 418 Cybele
1469 397 1482 417 ,

275 407 462 470 Puppe3
480 424 640 473 atque,
657 410 879 461 innocuus
899 432 1068 482 magno
1095 419 1307 468 censente
1331 425 1526 485 Senatu,

179 490 237 523 10
275 474 463 523 Obvius
484 476 639 527 accitis
659 484 933 542 properabat
954 483 1110 545 Scipio
1132 485 1286 546 sacris,

276 542 399 605 Qui,
422 542 601 609 genitus
616 560 774 607 patruo
800 548 993 597 ductoris
1014 550 1071 597 ad
1089 551 1252 601 Africa
1274 555 1399 604 bella

276 609 419 657 Tunc
442 610 544 659 lecti
563 650 574 671 ‚
600 614 744 674 multa
763 613 971 682 fulgebat
993 615 1198 684 imagine
1225 638 1434 672 avorum.

276 676 410 741 Isque
431 677 511 725 ubi
529 678 784 745 longinquo
803 682 1034 730 venientia
1052 686 1238 734 numina
1257 703 1399 750 ponto

281 743 481 807 Accepit
501 744 692 808 supplex
711 748 875 809 palmis
889 789 900 810 ‚
917 749 1150 816 Tuscique
1173 754 1333 804 sonora

180 827 234 873 15
273 809 526 875 Thybridis
547 813 730 862 adducit
755 815 956 864 sublimis
980 819 1035 865 ad
1058 820 1162 868 ostia
1185 823 1406 885 puppim3

281 877 517 926 Femineae
538 893 635 927 tum
658 880 821 931 deinde
845 902 1006 932 manus
1033 886 1233 948 subiere,
1260 908 1340 952 per
1355 908 1540 941 amne-m

277 944 400 1009 Quae
422 947 656 997 traherent
675 950 844 998 celsam
864 951 1065 1018 religatis
1088 954 1271 1004 funibus
1293 959 1468 1006 alnum.

344 1013 538 1062 Circum
560 1031 720 1082 arguta
738 1017 862 1066 cavis
882 1019 1113 1068 tinnitibus
1134 1041 1246 1085 aera,
1269 1025 1490 1091 simulque

277 1079 529 1130 Certabant
549 1100 687 1130 rauco
707 1085 962 1134 resonantia
981 1103 1196 1152 tympana
1217 1093 1348 1154 pulsu
1368 1112 1382 1155 3

175 1168 237 1199 ιο
271 1148 575 1213 Semivirique
600 1151 754 1214 chori,
776 1153 961 1219 gemino
982 1155 1058 1219 qui
1080 1157 1315 1221 Dindyma
1339 1175 1499 1210 monte

280 1216 412 1264 Casta
435 1220 626 1279 colunt3
649 1219 727 1282 qui
749 1222 922 1269 Dictaeo
947 1223 1227 1274 bacchantur
1246 1226 1289 1274 in
1312 1243 1471 1291 antro3

277 1282 467 1348 Quique
496 1285 615 1333 Idaea
636 1285 744 1354 juga
759 1328 771 1349 ‚
794 1294 835 1336 &
856 1290 988 1337 lucos
1011 1291 1185 1340 novere
1203 1293 1398 1345 filenteS.

278 1352 383 1399 Hos
402 1350 518 1400 inter
542 1351 748 1404 fremitus
769 1374 822 1403 ac
838 1355 939 1404 laeto
962 1373 1070 1406 vota
1094 1361 1317 1420 tumultu,

277 1418 477 1468 Substitit
501 1420 701 1469 adductis
722 1440 916 1471 renuens
938 1426 1186 1485 procedere
1208 1428 1372 1478 vinclis

182 1499 239 1544 25
279 1487 418 1534 Sacra
438 1487 563 1548 ratis,
581 1488 826 1554 subitisque
840 1490 965 1540 vadis
982 1491 1231 1544 immobilis
1250 1497 1385 1545 haefit.

282 1553 411 1602 Tum
434 1573 588 1619 puppe
607 1574 632 1603 e
651 1558 804 1607 medii
823 1576 992 1625 magno
1008 1562 1211 1610 clamore
1231 1563 1468 1630 sacerd053

278 1620 457 1671 Parcite
479 1623 665 1686 pol-lutis
686 1626 954 1692 contingere
972 1627 1157 1677 vincula
1176 1632 1365 1692 palmis,

279 1689 341 1739 Et
369 1691 533 1752 procul
557 1690 665 1804 hfinc
697 1711 867 1741 moneo
883 1733 895 1755 ,
923 1696 1084 1756 procul
1116 1697 1250 1761 hinc,
1285 1716 1586 1768 quaecumque

487 1775 571 1821 pro
597 1775 691 1806 anae
712 1798 724 1819 ‚

281 1823 418 1871 Ferte
438 1824 627 1891 gradus,
648 1843 736 1874 nec
752 1844 835 1876 vos
857 1828 973 1875 casto
998 1828 1184 1879 miscete
1206 1831 1352 1881 labori
1364 1853 1379 1898 3

187 1907 248 1956 30
286 1891 417 1941 Dum
442 1890 542 1940 satis
567 1893 626 1939 est
648 1893 868 1942 monuisse
892 1895 1025 1943 Dece.
1057 1897 1254 1963 Quodsi
1276 1918 1365 1964 qua
1391 1903 1557 1965 pudic—3

287 1958 452 2007 Mente
476 1959 599 2009 valet
617 1999 628 2020 ,
648 1959 677 2010 fi
703 1978 791 2024 qua
812 1961 931 2009 illaefi
956 1962 1034 2011 fibi
1058 1965 1261 2028 corporis
1281 1968 1419 2019 adstat

285 2024 484 2075 Conscia
500 2063 512 2087 ,
533 2027 611 2075 vel
632 2025 726 2076 solit
747 2027 902 2076 subeat
921 2029 994 2091 pia
1016 2047 1207 2080 munera
1227 2033 1399 2085 dextrfi.

350 2092 450 2142 Hic
473 2093 618 2158 prisca
639 2094 811 2145 ducens
832 2096 1104 2145 Clausorum
1130 2102 1186 2146 ab
1210 2101 1387 2168 origine
1413 2118 1588 2156 nomen

285 2158 509 2222 Claudia,
529 2178 622 2210 non
646 2163 774 2226 aequal
798 2162 959 2226 populi
977 2165 1097 2213 mala
1119 2166 1289 2216 credita
1310 2169 1461 2232 fama,

190 2239 248 2293 35
284 2229 337 2276 In
361 2229 556 2292 puppim
573 2229 708 2278 verfis
729 2230 982 2295 palmisque
1008 2233 1241 2298 oculisque
1260 2275 1272 2296 ,
1295 2238 1500 2296 profatur
1518 2260 1532 2289 ε

288 2294 573 2344 Coelicolum
596 2297 817 2364 genitrix,
841 2315 1011 2346 numen
1034 2301 1154 2363 quod
1180 2302 1368 2351 numina
1393 2306 1524 2353 nobis

288 2361 469 2411 CunEta
489 2380 614 2413 creas
629 2403 642 2425 ‚
668 2366 796 2429 cujus
816 2367 964 2429 proles
986 2381 1244 2433 terramque
1263 2370 1521 2437 fretumque
1535 2398 1557 2436 ,-

289 2428 538 2494 Sideraque
561 2436 602 2479 &
620 2449 777 2481 manes
795 2448 1041 2500 regnorum
1057 2435 1173 2484 sorte
1194 2439 1444 2502 gubernat,

290 2495 512 2544 Nostrum
535 2498 565 2546 fi
587 2498 716 2547 nullo
737 2500 959 2551 violatum
990 2501 1050 2549 est
1072 2502 1263 2552 crimine
1295 2522 1490 2569 corpus,

190 2574 257 2620 ‘40
291 2560 437 2612 Testis
459 2564 585 2614 Diva
606 2566 742 2629 veni,
762 2574 804 2616 &
826 2567 952 2617 facili
973 2581 1050 2617 me
1076 2571 1263 2621 absolve
1284 2572 1456 2624 carina.

191 2622 194 2626 “
291 2628 419 2680 Tum
447 2631 605 2681 secura
626 2634 748 2698 capit
765 2636 927 2684 funem
943 2674 955 2697 ‚
973 2636 1269 2704 fremitusque
1295 2639 1486 2693 leonum

291 2695 458 2759 Audiri
481 2697 601 2756 visus
617 2699 767 2759 subito
784 2742 800 2769 ,
822 2708 864 2757 &
885 2703 1097 2775 graviora
1124 2723 1207 2774 per
1230 2722 1362 2759 auras
