1627 3056
292 202 350 245 γε,
824 190 1061 232 Nora

292 262 407 315 Eleg.
435 273 498 307 32.
521 266 736 310 corrupta;
762 263 800 300 ὃς
824 261 867 299 in
897 261 1095 300 Terentio
1126 257 1357 310 ludificatus
1386 256 1440 310 est
1466 259 1592 313 virgi·

291 329 402 355 nem.
418 314 616 366 supposta
630 327 774 366 nempe
794 327 910 355 tauro
929 314 1057 354 fuerat
1075 315 1118 353 in
1142 313 1424 367 vaccz'ilignea'i,
1447 315 1591 366 Virgil-

291 369 365 408 VI.
397 385 473 418 243
505 372 543 408 &
575 367 622 406 fic
648 367 777 420 illuja.
803 369 852 407 In
882 369 970 408 aliis
992 369 1179 421 scriptum
1203 369 1354 419 inclusit
1371 399 1386 415 ,
1413 381 1456 407 ut
1474 368 1501 406 l.
1523 368 1595 407 XI.

291 422 444 475 inelyta
479 424 521 460 in
551 435 583 460 c.
618 422 711 462 Col.
743 437 817 476 pro
849 422 965 463 inlita
993 454 1003 471 ‚
1043 422 1161 463 illita.
1191 423 1343 476 Ineptit
1371 420 1432 461 hic
1463 423 1594 462 Drak.
1623 432 1627 438 ·

294 491 387 517 cum
406 475 587 515 Barthio.

354 544 447 580 472.
486 528 699 582 Graviscae.
733 532 781 570 C.
818 530 911 570 Col.
945 528 1158 582 Grabifcoe.
1194 531 1257 570 Sic
1289 530 1387 570 alibi
1417 529 1591 579 Graviz‘,

294 584 450 627 Grabii.
475 584 516 622 A
543 584 754 630 Sarmatis,
784 581 862 623 five
888 585 1042 634 Scythis
1066 582 1304 624 deducenda
1329 584 1510 623 nomina.

348 652 442 687 473.
472 636 635 689 Haleso.
668 638 716 677 C.
750 638 843 676 Col.
869 638 921 677 R.
955 650 991 674 2.
1024 638 1163 675 malim
1195 637 1332 690 Aleso.
1368 637 1521 677 Littera
1549 635 1597 677 Η

292 692 495 744 saepiffime
520 691 659 730 addita
682 703 704 728 a
725 690 897 729 librariis
924 691 1085 743 ignaris.
1105 691 1166 730 Sic
1187 693 1352 731 barbare
1369 690 1593 739 Harundo,

292 746 456 786 Harena
479 746 520 783 in
543 746 669 784 Drak.
697 745 844 784 Melius
865 749 1012 784 arundo
1035 759 1058 784 a
1074 758 1175 784 voce
1200 745 1354 785 Celtica
1373 750 1469 793 rod,
1494 749 1594 792 rud,

291 799 338 840 id
351 801 405 839 est
421 831 430 846 ‚
458 814 596 845 canna,
621 800 792 854 juncus;
812 799 964 837 inserto
990 813 1016 838 n
1048 811 1091 838 ut
1117 800 1234 853 saepe,
1254 804 1293 840 &
1314 799 1521 852 praepofito
1543 813 1594 847 a,

291 855 432 907 spiritu
451 854 546 892 leni.
567 853 628 892 Ita
645 868 764 891 arena
786 854 833 891 ab
856 867 974 899 areo,
999 854 1129 905 aresco
1148 885 1160 901 ‚
1186 868 1229 893 ut
1252 854 1400 894 aridus.

349 916 444 958 488.
479 907 624 948 Mixtz'.
654 909 700 945 C.
724 907 816 945 Col.
833 920 958 959 prope
982 908 1022 945 in
1040 921 1072 945 c.
1093 908 1137 945 P.
1163 909 1215 948 R.
1233 922 1269 947 2.
1287 908 1414 947 mixta
1430 920 1452 946 a
1469 905 1593 946 libra-

292 963 364 1002 riis
384 975 548 1015 propter
571 962 729 1000 cohors.
755 961 864 1000 Hinc
889 963 999 1013 pejus
1021 960 1143 1012 juxta
1170 963 1211 1000 in
1238 963 1341 1001 aliis.

349 1030 443 1066 492.
466 1016 634 1056 Cudone.
659 1015 726 1054 De
740 1015 878 1067 galess,
896 1028 917 1053 e
938 1015 1051 1054 corio
1069 1014 1204 1055 crudo.
1238 1017 1410 1055 Homer.
1430 1016 1478 1052 X.
1501 1027 1594 1062 257.

308 1071 378 1109 Sil.
402 1070 510 1109 XVI.
541 1085 606 1115 93.
627 1071 719 1108 Vox
745 1070 969 1108 Orientalis
984 1101 994 1117 ‚
1021 1084 1107 1122 quae
1125 1069 1282 1122 galeam
1299 1071 1340 1108 in
1356 1068 1593 1120 AEthiopico

291 1125 492 1165 idiomate
506 1156 522 1172 ,
544 1125 720 1163 lanceam
743 1124 785 1161 in
801 1123 980 1162 Arabico
994 1138 1011 1171 ;
1031 1123 1249 1164 &loricam
1266 1126 1308 1163 in
1331 1125 1505 1162 Hebraeo
1519 1154 1536 1169 ,‚
1557 1122 1592 1161 I.

291 1178 465 1218 Samuel.
482 1192 513 1217 c.
535 1178 665 1217 XVII.
688 1192 727 1216 v.
751 1185 810 1216 16.
834 1177 906 1216 nifi
919 1179 968 1216 ab
988 1178 1156 1218 humeris
1177 1180 1260 1218 illic
1276 1177 1525 1217 intellexeris
1541 1189 1594 1216 ex

291 1235 515 1280 Homero,
555 1233 602 1271 ΙΙ.
633 1233 680 1271 V.
725 1235 816 1279 738.
860 1230 978 1283 Apud
1008 1234 1172 1272 Mauros
1197 1233 1330 1273 citona
1359 1232 1412 1271 est
1434 1245 1592 1281 parma.

291 1287 497 1327 Flaminio
518 1285 595 1325 fuit
619 1285 670 1325 de
693 1286 798 1337 pelle
820 1286 957 1337 phocae
973 1316 990 1333 ,
1014 1287 1040 1324 l.
1065 1289 1113 1325 V.
1145 1301 1233 1335 132.
1258 1288 1388 1338 Caput
1409 1285 1593 1324 similiter

290 1342 396 1394 pelle
415 1341 602 1393 regebant
628 1344 819 1380 Sarmatae
834 1370 848 1385 ,
881 1343 920 1379 &
944 1353 1084 1379 eorum
1105 1341 1318 1394 progenies
1340 1340 1551 1379 Germani.

351 1397 413 1434 lb.
433 1394 582 1445 Capiti.
607 1394 654 1433 C.
675 1394 767 1434 Col.
796 1394 881 1433 Ox.
905 1395 958 1434 R.
981 1409 1012 1434 1.
1036 1395 1262 1435 Mediolan.
1290 1395 1340 1434 In
1366 1409 1397 1433 c.
1417 1395 1462 1434 P.
1480 1392 1594 1445 capi—

293 1450 349 1489 112.
382 1451 489 1489 Aliis
513 1459 630 1499 caput
653 1448 727 1487 his.

343 1519 437 1553 493.
459 1503 546 1545 Sat.
579 1504 625 1542 C.
653 1502 748 1542 Col.
774 1501 883 1541 Aliis
898 1501 985 1552 stat
1005 1534 1020 1550 ,
1049 1516 1186 1543 errore
1204 1502 1416 1555 frequenti.

347 1574 439 1607 494.
464 1558 656 1609 Marfica.
690 1555 795 1596 Vide
816 1556 924 1596 Plin.
952 1559 977 1595 1.
1001 1557 1095 1596 VII.
1127 1572 1159 1597 c.
1184 1571 1221 1597 2.
1248 1571 1285 1608 p.
1312 1562 1376 1605 89.
1411 1555 1509 1597 edit.
1539 1555 1590 1596 cl.

289 1613 464 1652 Brotier.
497 1612 634 1651 Genio
662 1613 731 1650 suo
752 1610 937 1664 indulget
958 1610 1021 1650 hic
1040 1614 1157 1663 poeta
1183 1613 1226 1650 in
1248 1612 1408 1664 origine
1434 1612 1590 1650 Marso-

290 1681 379 1706 rum
400 1665 646 1706 deducenda.
663 1666 775 1705 Gens
789 1665 865 1703 fuit
881 1667 1064 1716 Scythica
1076 1698 1092 1714 ‚
1113 1680 1155 1706 ur
1167 1679 1277 1718 patet
1292 1681 1342 1706 ex
1356 1665 1591 1706 Herodoto.

333 1735 434 1766 502.
460 1720 703 1771 Pszrygias-
720 1734 868 1758 crenus.
898 1721 965 1758 De
989 1720 1211 1759 innumeris
1238 1720 1418 1759 fontibus
1445 1719 1594 1758 fluvio·

291 1789 380 1813 rum
412 1775 480 1827 qui
507 1774 550 1811 in
578 1772 831 1812 Maeandrum
859 1771 1114 1820 influebant,
1144 1774 1288 1824 accipe.
1325 1775 1433 1813 Male
1462 1774 1593 1812 Drak.

289 1842 436 1867 crenos.
479 1829 574 1866 Vox
599 1827 742 1865 Graeca
779 1827 864 1874 est,
899 1828 1033 1865 minus
1061 1841 1159 1866 nora
1190 1829 1377 1865 Librariis
1406 1828 1474 1881 qui
1499 1828 1592 1865 hinc

286 1893 419 1922 trenas
436 1914 451 1929 ,
482 1892 611 1920 tremos
627 1910 638 1926 ‚
666 1884 852 1927 threnos,
872 1882 1004 1928 frenos
1023 1879 1227 1919 finxerunt
1245 1882 1287 1919 in
1310 1882 1473 1933 scriptis.
1501 1883 1592 1921 Nec

288 1936 413 1977 audio
454 1934 700 1974 Salmafium.
740 1933 823 1982 Cr,
859 1945 896 1972 tr
929 1936 1029 1987 saepe
1061 1935 1279 1974 alternant.
1316 1937 1423 1975 Vide
1454 1949 1592 1975 tamen

286 2006 372 2044 (με
395 1990 510 2030 doffte
531 1990 683 2041 promit
699 1989 741 2026 in
754 1989 879 2027 Solin.
901 2002 988 2041 pag..
1008 1987 1107 2027 mihi
1125 1993 1196 2035 833
1211 2019 1228 2036 ,
1246 1989 1591 2042 seq.&Harduin.

288 2046 331 2085 in
355 2046 458 2085 Plin.
489 2046 554 2083 ubi
578 2044 753 2090 rejicitur
773 2042 991 2082 Salmasius.

339 2107 428 2146 506.
454 2098 575 2138 Alba.
600 2098 856 2151 Marsorum,
879 2098 956 2137 alia
973 2096 1161 2142 abAlhfz
1181 2097 1358 2138 Ascanio
1381 2097 1559 2142 conditz‘i.

345 2169 432 2198 510..
455 2152 665 2194 Sidicinus.
683 2153 806 2195 ReSoe
823 2165 854 2190 c.
875 2152 966 2191 Col.
991 2150 1098 2190 Aliis
1123 2152 1286 2191 vicinus.
1319 2152 1424 2192 Vide
1445 2153 1589 2207 Vir-gil.

285 2209 380 2249 VII.
405 2221 496 2258 727.
524 2206 692 2245 Putidus
718 2205 771 2244 est
792 2203 853 2244 hic
873 2206 1016 2245 Buzio.
1041 2206 1107 2244 De
1133 2204 1272 2245 Teano
1291 2206 1498 2255 Sidicino,
1525 2208 1591 2248 cui

282 2263 478 2317 proxima
499 2261 615 2302 Cales
639 2259 826 2299 Threi'cia
844 2291 860 2308 ,
889 2260 966 2300 five
992 2274 1014 2300 a
1039 2260 1192 2312 Scythis
1217 2260 1412 2309 condita,
1445 2262 1470 2303 1.
1492 2262 1589 2306 XII.

293 2331 384 2364 525.

344 2384 435 2417 511.
462 2370 629 2413 Parvus.
654 2368 721 2411 ,Sic
739 2380 816 2407 tres
838 2367 992 2420 scripti,
1010 2369 1060 2408 R.
1081 2383 1116 2407 2.
1138 2369 1283 2408 Bene-s.
1306 2369 1447 2410 Parm.

339 2426 402 2464 1b.
432 2424 546 2464 Urbi.
574 2423 717 2475 Scripti
737 2421 848 2469 duo,
880 2424 930 2462 R.
956 2437 990 2461 1.
1019 2423 1124 2461 Aliis
1143 2423 1262 2462 urbis.

343 2493 434 2529 5¹4·
459 2477 580 2517 Haud
603 2476 685 2516 ullo
712 2476 847 2515 levior.
874 2477 1016 2529 Scripti
1039 2490 1139 2523 tres,
1167 2478 1217 2517 R.
1244 2492 1278 2515 2.
1306 2477 1416 2515 Aliis
1437 2476 1521 2516 illo.

340 2547 432 2582 517.
455 2533 591 2572 Aviae.
618 2533 741 2572 Rene
756 2530 985 2582 Heynfius,
1008 2545 1029 2571 e
1054 2531 1262 2571 Cluverio.
1289 2531 1440 2571 Abella
1461 2533 1584 2572 Cam-

283 2600 478 2641 panorum
506 2587 572 2626 est.

345 2653 431 2686 520.
460 2641 512 2682 In
537 2653 711 2693 pugnam
736 2637 909 2694 offertur.
936 2640 1058 2679 Reae
1083 2639 1218 2692 scripti
1244 2653 1384 2680 omnes
1409 2641 1514 2681 &R
1541 2654 1581 2681 2.

283 2706 328 2735 ut
353 2696 486 2747 Scipio
508 2695 651 2735 obtulit
675 2694 739 2733 vel
759 2691 918 2732 addidit
942 2693 1023 2744 pila
1046 2694 1121 2734 suis
1145 2695 1406 2741 cohortibus,
1428 2708 1466 2732 v.
1491 2709 1578 2744 547.

283 2748 448 2803 iurante
474 2750 602 2792 Drak.
625 2748 755 2799 rejicit
777 2747 840 2787 hic
861 2761 1002 2790 omnes
1023 2749 1212 2791 meliores
1229 2749 1354 2791 libros
1369 2780 1386 2799 ,
1411 2761 1452 2789 ut
1475 2749 1579 2802 legat

1537 2817 1581 2843 m
