1627 3056
423 171 782 227 Ltsssstz
861 167 1114 227 XIII.
1401 170 1517 249 265

62 276 160 322 '660
195 267 417 320 Mavortis
434 265 644 335 geminus
662 264 803 333 surgit
816 283 898 328 per
915 265 1124 333 gramina
1143 281 1327 331 campo.

184 339 246 388 ,Ν
249 354 304 386 ec
319 333 430 400 passi
452 335 584 398 plura
600 374 612 393 ,
640 334 690 383 in
709 334 863 382 medio
884 333 1094 382 sermone
1116 334 1345 399 loquentis

197 404 276 455 Sic
297 403 415 452 adeb
435 402 660 467 incipiunt
678 421 692 465 3
718 400 842 466 prior
861 401 959 451 haec
976 401 1192 470 genitoris
1209 404 1397 472 imago:

258 471 362 534 Ipsa
384 471 569 536 quidem
589 471 734 521 -virtus
753 470 930 519 [ibimet
949 469 1263 533 pulcherrima
1283 490 1493 535 merces,⁴

197 540 355 589 Dulce
374 555 529 588 tamen
547 539 675 589 venit
700 537 756 586 ad
777 556 935 586 manes
953 555 1096 602 quum
1121 535 1263 604 gratia
1282 540 1385 594 vitae

63 610 97 663 Τό
105 613 131 657 6
140 621 160 668 5
200 610 353 657 Durat
371 608 493 671 apud
516 610 722 672 superos:
745 623 834 654 nec
853 606 994 655 edunt
1014 606 1186 655 oblivia
1208 607 1412 658 laudem,

198 676 382 726 Verdm
393 692 478 742 age
492 714 504 736 ,
518 675 615 723 fare
630 715 640 736 ‚
655 676 794 722 decus
805 674 1006 722 nostrum
1022 713 1033 733 ,
1045 688 1089 722 te
1102 689 1273 738 quarrta
1284 676 1448 744 fatiget

199 743 370 793 Militia
392 763 401 791 :
424 748 539 792 heu!
563 744 738 808 quoties
759 743 896 791 intrat
914 759 1020 790 mea
1035 744 1219 805 pectora
1234 757 1377 792 terror
1396 784 1409 804 ‚

204 812 370 875 Quum
389 825 549 875 repeto
568 813 708 876 quam
732 810 874 859 saevus
895 828 970 857 eas
986 849 998 871 ‚
1022 810 1103 858 ubi
1121 828 1289 878 magna
1311 810 1490 877 perleia

202 879 496 946 Contingunt
525 879 610 929 tibi
632 898 642 931 :
670 896 752 943 per
776 876 912 926 nostri
937 876 1175 926 fortiffime
1200 880 1284 930 leti

64 946 165 1005 '670
203 947 424 996 Obtestor
447 946 645 996 caussam
664 987 675 1007 ‚
703 944 865 994 Martis
888 945 1130 994 moderare
1152 946 1314 996 furori.

199 1015 280 1062 Sat
298 1015 378 1063 tibi
399 1015 481 1063 [int
507 1016 785 1064 documenta
805 1013 981 1062 demtis.
1004 1014 1187 1063 Oftava
1206 1017 1383 1065 terebat

201 1084 431 1131 Arentern
453 1083 618 1131 culmis
642 1081 830 1131 messem
850 1080 1174 1144 crepitantibus
1195 1084 1314 1131 aestas
1336 1123 1351 1145 ‚

202 1150 275 1199 Ex
297 1167 386 1215 quo
408 1152 569 1199 cuncta
594 1149 707 1198 mihi
727 1151 903 1198 calcata
921 1189 932 1210 ,
956 1167 1156 1214 meoque
1176 1151 1359 1201 subibat

109 1274 113 1276 λ
206 1216 447 1267 Germano
472 1218 648 1269 devexa
669 1218 834 1285 jugum
851 1216 1078 1266 Taroeffia
1099 1218 1251 1268 tellus.

70 1288 166 1349 ⁴675
205 1285 308 1334 Nos
329 1286 504 1337 miserae
525 1303 680 1334 muros
697 1292 740 1335 δε
760 1289 875 1335 ῐεᾶει
895 1299 1051 1334 renata
1073 1287 1314 1354 Sagunto,

209 1353 312 1401 Nos
332 1354 539 1402 dedimus
557 1354 700 1403 Baetin
725 1354 853 1402 nulio
877 1369 1036 1416 potare
1057 1355 1136 1402 sub
1159 1355 1283 1405 hoste
1306 1375 1318 1405 ε

206 1420 360 1469 Nobis
380 1421 627 1470 indomitus
647 1421 874 1471 convertit
891 1437 1048 1485 terque
1068 1437 1322 1490 quaterque

207 1488 472 1538 Germanus
487 1504 613 1558 terga
628 1490 918 1539 Hannibalis,
940 1490 1056 1538 Pro!
1078 1492 1269 1540 barbara
1283 1507 1522 1561 nunquam

206 1558 456 1621 Impolluta
477 1557 604 1607 fides.
624 1558 836 1606 Peterem
856 1575 1000 1622 quum
1018 1558 1164 1608 vistor
1185 1559 1375 1611 adesum

72 1627 169 1678 '680
208 1625 434 1674 Cladibus
455 1625 766 1674 Asdrubalem
784 1645 797 1688 3
822 1626 971 1674 subitb
990 1627 1158 1675 venale
1175 1666 1188 1688 ,
1211 1629 1425 1680 cohortes

206 1692 426 1755 Hispanae
443 1732 456 1755 ,
485 1693 650 1760 vulgus
667 1732 679 1754 ‚
708 1694 877 1758 Libyci
895 1712 1006 1758 quas
1026 1694 1203 1744 fecerat
1224 1699 1325 1749 auri

205 1759 436 1809 Asdrubal
456 1800 466 1818 ,
495 1763 689 1824 abrupto
707 1761 939 1826 liquerunt
957 1762 1142 1829 agmine
1161 1763 1287 1831 signa
1305 1786 1318 1815 ε

206 1827 349 1877 Tune
373 1829 509 1877 hostis
540 1828 663 1877 socio
693 1829 891 1878 desertos
923 1828 1069 1879 milite
1086 1870 1098 1890 ‚
1125 1834 1326 1886 multum

211 1895 368 1946 Ditior
387 1895 481 1960 ipse
502 1895 607 1945 viris
624 1935 635 1955 ,
661 1896 790 1958 spisso
811 1897 1114 1947 circumdedit
1135 1902 1261 1950 orbe.

74 1964 168 2026 '685
206 1964 322 2012 Non
345 1964 493 2032 segnis
511 1963 669 2022 nobis,
695 1981 783 2011 nec
800 1964 981 2028 inultiS,
1006 1980 1140 2024 nate,
1162 1970 1344 2030 peracta
1366 1969 1428 2021 est

139 2072 143 2076 .
206 2032 293 2082 Illa
315 2032 525 2095 suprema
546 2032 670 2088 dies,
695 2037 737 2079 Sc
757 2031 892 2081 laude
912 2033 1179 2083 inclusimus
1196 2053 1365 2086 aevum.

277 2099 461 2161 Excipit
489 2100 596 2148 inde
623 2100 723 2148 suos
748 2099 887 2148 frater
915 2101 1199 2171 conjungere
1226 2103 1373 2154 casus-

212 2166 416 2215 Exceisae
444 2166 603 2229 turriS,
635 2169 730 2230 post
751 2168 937 2230 ultima,
966 2173 1100 2220 rebus
1126 2171 1174 2220 in
1202 2173 1308 2221 artis

211 2233 469 2284 Subsidium
488 2238 693 2299 optaram
712 2276 726 2298 ,
755 2235 1059 2302 supremaque
1082 2239 1205 2293 bella
1229 2240 1426 2293 ciebarn.

29 2346 36 2354 ,
77 2303 176 2359 '690
207 2301 455 2350 Fumantes
478 2303 640 2362 taedas,
672 2321 728 2351 ac
754 2302 846 2352 lata
867 2304 1079 2355 incendia
1109 2304 1301 2372 paffim,

212 2369 272 2418 Et
299 2369 427 2418 mille
453 2370 652 2435 injecere
683 2370 822 2421 faces.
857 2371 907 2421 N
911 2373 945 2438 il
974 2374 1163 2425 nomine
1189 2371 1273 2427 leti

212 2436 290 2485 De
302 2438 486 2502 Superis
496 2439 820 2503 queror.Haud
830 2442 1082 2502 parvodata
1092 2447 1302 2500 membra
1313 2443 1523 2509 sepulcro⁴

212 2503 378 2553 Nostra
399 2523 720 2557 cremaverunt
738 2507 785 2556 in
809 2523 956 2558 morte
975 2509 1246 2563 haerentibus
1267 2515 1422 2566 armis.

213 2571 306 2620 Sed
327 2591 402 2622 me
422 2574 565 2623 lufius
586 2574 723 2625 habet
743 2616 754 2637 ,
779 2578 974 2643 geminae
1002 2596 1060 2628 ne
1081 2581 1213 2630 clade
1232 2581 1371 2634 ruinae

79 2641 176 2704 '695
214 2638 406 2691 Cefferit
429 2642 592 2692 adfusis
618 2644 821 2708 oppressa
847 2646 1071 2712 Hispania
1093 2648 1261 2701 Poenis.

213 2708 392 2770 Contra
421 2729 519 2779 quae
545 2713 726 2783 juvenis
754 2716 933 2769 turbato
961 2715 1142 2776 fletibus
1173 2736 1286 2780 ore3

1263 2784 1326 2840 M
