<?xml version="1.0" encoding="UTF-8"?>
<!DOCTYPE html PUBLIC "-//W3C//DTD XHTML 1.0 Transitional//EN"
    "http://www.w3.org/TR/xhtml1/DTD/xhtml1-transitional.dtd">
<html xmlns="http://www.w3.org/1999/xhtml" xml:lang="en" lang="en">
 <head>
  <title>
</title>
<meta http-equiv="Content-Type" content="text/html;charset=utf-8" />
  <meta name='ocr-system' content='tesseract 3.04.00' />
  <meta name='ocr-capabilities' content='ocr_page ocr_carea ocr_par ocr_line ocrx_word'/>
</head>
<body>
  <div class='ocr_page' id='page_1' title='image "./csiliiitalicideb00sili_0164.png"; bbox 0 0 1627 3056; ppageno 0'>
   <div class='ocr_carea' id='block_1_1' title="bbox 153 176 1258 256">
    <p class='ocr_par' dir='ltr' id='par_1_1' title="bbox 153 176 1258 256">
     <span class='ocr_line' id='line_1_1' title="bbox 153 176 1258 256; baseline 0.005 -20"><span class='ocrx_word' id='word_1_1' title='bbox 153 192 259 256; x_wconf 64' lang='lat'>350</span> <span class='ocrx_word' id='word_1_2' title='bbox 523 176 784 236; x_wconf 64' lang='lat' dir='ltr'>Szt11</span> <span class='ocrx_word' id='word_1_3' title='bbox 863 180 1258 241; x_wconf 70' lang='lat' dir='ltr'>ITAttot</span> 
     </span>
    </p>
   </div>
   <div class='ocr_carea' id='block_1_2' title="bbox 175 273 1567 2775">
    <p class='ocr_par' dir='ltr' id='par_1_2' title="bbox 182 273 1337 344">
     <span class='ocr_line' id='line_1_2' title="bbox 182 273 1337 344; baseline 0.006 -20"><span class='ocrx_word' id='word_1_4' title='bbox 182 292 243 335; x_wconf 73' lang='lat'>45</span> <span class='ocrx_word' id='word_1_5' title='bbox 286 273 538 342; x_wconf 85' lang='lat' dir='ltr'>Obtegitur</span> <span class='ocrx_word' id='word_1_6' title='bbox 560 276 696 325; x_wconf 58' lang='lat' dir='ltr'>densa</span> <span class='ocrx_word' id='word_1_7' title='bbox 721 277 918 344; x_wconf 86' lang='lat' dir='ltr'>caligine</span> <span class='ocrx_word' id='word_1_8' title='bbox 941 281 1088 328; x_wconf 68' lang='lat' dir='ltr'>mersa</span> <span class='ocrx_word' id='word_1_9' title='bbox 1114 283 1308 330; x_wconf 82' lang='lat' dir='ltr'>vetustas</span> <span class='ocrx_word' id='word_1_10' title='bbox 1324 321 1337 343; x_wconf 92' lang='lat'>‚</span> 
     </span>
    </p>

    <p class='ocr_par' dir='ltr' id='par_1_3' title="bbox 281 342 1536 614">
     <span class='ocr_line' id='line_1_3' title="bbox 283 342 1410 411; baseline 0.006 -21"><span class='ocrx_word' id='word_1_11' title='bbox 283 342 381 391; x_wconf 86' lang='lat' dir='ltr'>Cur</span> <span class='ocrx_word' id='word_1_12' title='bbox 399 343 595 391; x_wconf 86' lang='lat' dir='ltr'>Sarrana</span> <span class='ocrx_word' id='word_1_13' title='bbox 614 344 766 393; x_wconf 88' lang='lat' dir='ltr'>dicent</span> <span class='ocrx_word' id='word_1_14' title='bbox 791 347 975 395; x_wconf 82' lang='lat' dir='ltr'>OEnotri</span> <span class='ocrx_word' id='word_1_15' title='bbox 1000 348 1187 396; x_wconf 88' lang='lat' dir='ltr'>numina</span> <span class='ocrx_word' id='word_1_16' title='bbox 1210 349 1410 411; x_wconf 86' lang='lat' dir='ltr'>templo,</span> 
     </span>
     <span class='ocr_line' id='line_1_4' title="bbox 282 407 1450 481; baseline 0.009 -25"><span class='ocrx_word' id='word_1_17' title='bbox 282 409 546 476; x_wconf 85' lang='lat' dir='ltr'>Regnisque</span> <span class='ocrx_word' id='word_1_18' title='bbox 567 407 829 461; x_wconf 85' lang='lat' dir='ltr'>AEneadum</span> <span class='ocrx_word' id='word_1_19' title='bbox 852 431 1070 481; x_wconf 87' lang='lat' dir='ltr'>germana</span> <span class='ocrx_word' id='word_1_20' title='bbox 1094 416 1271 464; x_wconf 87' lang='lat' dir='ltr'>colatur</span> <span class='ocrx_word' id='word_1_21' title='bbox 1291 416 1450 466; x_wconf 81' lang='lat' dir='ltr'>Eliffae.</span> 
     </span>
     <span class='ocr_line' id='line_1_5' title="bbox 281 477 1536 551; baseline 0.006 -27"><span class='ocrx_word' id='word_1_22' title='bbox 281 477 373 524; x_wconf 87' lang='lat' dir='ltr'>Sed</span> <span class='ocrx_word' id='word_1_23' title='bbox 394 477 546 541; x_wconf 85' lang='lat' dir='ltr'>preffis</span> <span class='ocrx_word' id='word_1_24' title='bbox 568 478 783 547; x_wconf 85' lang='lat' dir='ltr'>stringam</span> <span class='ocrx_word' id='word_1_25' title='bbox 803 496 1066 531; x_wconf 84' lang='lat' dir='ltr'>revocatam</span> <span class='ocrx_word' id='word_1_26' title='bbox 1087 486 1141 530; x_wconf 89' lang='lat' dir='ltr'>ab</span> <span class='ocrx_word' id='word_1_27' title='bbox 1167 484 1341 551; x_wconf 79' lang='lat' dir='ltr'>origine</span> <span class='ocrx_word' id='word_1_28' title='bbox 1362 484 1536 533; x_wconf 78' lang='lat' dir='ltr'>famam</span> 
     </span>
     <span class='ocr_line' id='line_1_6' title="bbox 284 543 1499 614; baseline 0.007 -21"><span class='ocrx_word' id='word_1_29' title='bbox 284 543 516 594; x_wconf 78' lang='lat' dir='ltr'>Nat-randi</span> <span class='ocrx_word' id='word_1_30' title='bbox 538 546 671 596; x_wconf 86' lang='lat' dir='ltr'>metis</span> <span class='ocrx_word' id='word_1_31' title='bbox 687 587 699 609; x_wconf 86' lang='lat'>‚</span> <span class='ocrx_word' id='word_1_32' title='bbox 726 550 1015 611; x_wconf 83' lang='lat' dir='ltr'>breviterque</span> <span class='ocrx_word' id='word_1_33' title='bbox 1039 550 1222 614; x_wconf 84' lang='lat' dir='ltr'>antiqua</span> <span class='ocrx_word' id='word_1_34' title='bbox 1244 552 1499 602; x_wconf 84' lang='lat' dir='ltr'>revolvam.</span> 
     </span>
    </p>

    <p class='ocr_par' dir='ltr' id='par_1_4' title="bbox 190 612 1405 680">
     <span class='ocr_line' id='line_1_7' title="bbox 190 612 1405 680; baseline 0.006 -19"><span class='ocrx_word' id='word_1_35' title='bbox 190 632 247 670; x_wconf 72' lang='lat'>50</span> <span class='ocrx_word' id='word_1_36' title='bbox 349 612 491 660; x_wconf 80' lang='lat' dir='ltr'>Iliaco</span> <span class='ocrx_word' id='word_1_37' title='bbox 516 614 755 678; x_wconf 87' lang='lat' dir='ltr'>postquam</span> <span class='ocrx_word' id='word_1_38' title='bbox 781 617 952 665; x_wconf 70' lang='lat' dir='ltr'>deserta</span> <span class='ocrx_word' id='word_1_39' title='bbox 974 618 1033 666; x_wconf 87' lang='lat' dir='ltr'>est</span> <span class='ocrx_word' id='word_1_40' title='bbox 1057 617 1231 680; x_wconf 83' lang='lat' dir='ltr'><strong>hospite</strong></span> <span class='ocrx_word' id='word_1_41' title='bbox 1255 617 1405 677; x_wconf 81' lang='lat' dir='ltr'>Dido,</span> 
     </span>
    </p>

    <p class='ocr_par' dir='ltr' id='par_1_5' title="bbox 281 678 1477 951">
     <span class='ocr_line' id='line_1_8' title="bbox 284 678 1403 747; baseline 0.007 -21"><span class='ocrx_word' id='word_1_42' title='bbox 284 678 342 727; x_wconf 86' lang='lat' dir='ltr'>Et</span> <span class='ocrx_word' id='word_1_43' title='bbox 368 679 465 742; x_wconf 80' lang='lat' dir='ltr'>spes</span> <span class='ocrx_word' id='word_1_44' title='bbox 488 683 693 745; x_wconf 81' lang='lat' dir='ltr'>abruptae</span> <span class='ocrx_word' id='word_1_45' title='bbox 708 722 722 744; x_wconf 81' lang='grc'>,</span> <span class='ocrx_word' id='word_1_46' title='bbox 746 684 907 733; x_wconf 85' lang='lat' dir='ltr'>mediis</span> <span class='ocrx_word' id='word_1_47' title='bbox 929 683 1235 747; x_wconf 77' lang='lat' dir='ltr'>penetralibus</span> <span class='ocrx_word' id='word_1_48' title='bbox 1257 701 1403 734; x_wconf 89' lang='lat' dir='ltr'>atram</span> 
     </span>
     <span class='ocr_line' id='line_1_9' title="bbox 281 745 1477 816; baseline 0.007 -22"><span class='ocrx_word' id='word_1_49' title='bbox 281 745 480 796; x_wconf 78' lang='lat' dir='ltr'>Festinat</span> <span class='ocrx_word' id='word_1_50' title='bbox 498 749 745 798; x_wconf 86' lang='lat' dir='ltr'>furibunda</span> <span class='ocrx_word' id='word_1_51' title='bbox 773 768 963 815; x_wconf 84' lang='lat' dir='ltr'>pyram:</span> <span class='ocrx_word' id='word_1_52' title='bbox 990 769 1090 800; x_wconf 88' lang='lat' dir='ltr'>tum</span> <span class='ocrx_word' id='word_1_53' title='bbox 1113 753 1301 816; x_wconf 83' lang='lat' dir='ltr'>corripit</span> <span class='ocrx_word' id='word_1_54' title='bbox 1321 753 1477 803; x_wconf 80' lang='lat' dir='ltr'>ensem</span> 
     </span>
     <span class='ocr_line' id='line_1_10' title="bbox 285 814 1401 884; baseline 0.006 -22"><span class='ocrx_word' id='word_1_55' title='bbox 285 814 425 863; x_wconf 83' lang='lat' dir='ltr'>Certa</span> <span class='ocrx_word' id='word_1_56' title='bbox 445 816 569 864; x_wconf 89' lang='lat' dir='ltr'>necis</span> <span class='ocrx_word' id='word_1_57' title='bbox 585 857 597 879; x_wconf 87' lang='lat'>‚</span> <span class='ocrx_word' id='word_1_58' title='bbox 624 817 809 884; x_wconf 84' lang='lat' dir='ltr'>profugi</span> <span class='ocrx_word' id='word_1_59' title='bbox 832 818 1007 867; x_wconf 88' lang='lat' dir='ltr'>donum</span> <span class='ocrx_word' id='word_1_60' title='bbox 1032 819 1213 867; x_wconf 73' lang='lat' dir='ltr'>exitiale</span> <span class='ocrx_word' id='word_1_61' title='bbox 1234 821 1401 871; x_wconf 80' lang='lat' dir='ltr'>mariti.</span> 
     </span>
     <span class='ocr_line' id='line_1_11' title="bbox 285 882 1348 951; baseline 0.006 -22"><span class='ocrx_word' id='word_1_62' title='bbox 285 882 536 945; x_wconf 63' lang='lat' dir='ltr'>DespeRus</span> <span class='ocrx_word' id='word_1_63' title='bbox 557 885 678 933; x_wconf 82' lang='lat' dir='ltr'>taedae</span> <span class='ocrx_word' id='word_1_64' title='bbox 703 886 854 951; x_wconf 84' lang='lat' dir='ltr'>regnis</span> <span class='ocrx_word' id='word_1_65' title='bbox 877 886 920 934; x_wconf 84' lang='lat' dir='ltr'>se</span> <span class='ocrx_word' id='word_1_66' title='bbox 946 886 1141 949; x_wconf 80' lang='lat' dir='ltr'>imponit</span> <span class='ocrx_word' id='word_1_67' title='bbox 1168 888 1319 935; x_wconf 85' lang='lat' dir='ltr'>Iarbas</span> <span class='ocrx_word' id='word_1_68' title='bbox 1336 929 1348 949; x_wconf 88' lang='lat'>,</span> 
     </span>
    </p>

    <p class='ocr_par' dir='ltr' id='par_1_6' title="bbox 190 949 1454 1022">
     <span class='ocr_line' id='line_1_12' title="bbox 190 949 1454 1022; baseline 0.006 -25"><span class='ocrx_word' id='word_1_69' title='bbox 190 966 246 1011; x_wconf 74' lang='lat'>55</span> <span class='ocrx_word' id='word_1_70' title='bbox 286 949 347 997; x_wconf 86' lang='lat' dir='ltr'>Et</span> <span class='ocrx_word' id='word_1_71' title='bbox 365 950 518 1013; x_wconf 90' lang='lat' dir='ltr'>tepido</span> <span class='ocrx_word' id='word_1_72' title='bbox 542 951 662 1019; x_wconf 86' lang='lat' dir='ltr'>fugit</span> <span class='ocrx_word' id='word_1_73' title='bbox 682 953 821 1000; x_wconf 86' lang='lat' dir='ltr'>Anna</span> <span class='ocrx_word' id='word_1_74' title='bbox 848 970 980 1021; x_wconf 76' lang='lat' dir='ltr'>rogo,</span> <span class='ocrx_word' id='word_1_75' title='bbox 1003 953 1122 1018; x_wconf 85' lang='lat' dir='ltr'>Quis</span> <span class='ocrx_word' id='word_1_76' title='bbox 1141 956 1277 1002; x_wconf 80' lang='lat' dir='ltr'>rebus</span> <span class='ocrx_word' id='word_1_77' title='bbox 1298 954 1454 1022; x_wconf 87' lang='lat' dir='ltr'>egenis</span> 
     </span>
    </p>

    <p class='ocr_par' dir='ltr' id='par_1_7' title="bbox 287 1016 1514 1151">
     <span class='ocr_line' id='line_1_13' title="bbox 287 1016 1514 1087; baseline 0.006 -22"><span class='ocrx_word' id='word_1_78' title='bbox 287 1016 447 1065; x_wconf 85' lang='lat' dir='ltr'>Ferret</span> <span class='ocrx_word' id='word_1_79' title='bbox 471 1036 637 1082; x_wconf 87' lang='lat' dir='ltr'>opem,</span> <span class='ocrx_word' id='word_1_80' title='bbox 662 1019 932 1069; x_wconf 85' lang='lat' dir='ltr'>Nomadum</span> <span class='ocrx_word' id='word_1_81' title='bbox 954 1021 1044 1069; x_wconf 89' lang='lat' dir='ltr'>late</span> <span class='ocrx_word' id='word_1_82' title='bbox 1070 1035 1265 1070; x_wconf 83' lang='lat' dir='ltr'>terrente</span> <span class='ocrx_word' id='word_1_83' title='bbox 1288 1037 1477 1087; x_wconf 80' lang='lat' dir='ltr'>tyranno</span> <span class='ocrx_word' id='word_1_84' title='bbox 1501 1036 1514 1072; x_wconf 76' lang='lat'>,2</span> 
     </span>
     <span class='ocr_line' id='line_1_14' title="bbox 355 1085 1370 1151; baseline 0.004 -18"><span class='ocrx_word' id='word_1_85' title='bbox 355 1085 511 1134; x_wconf 89' lang='lat' dir='ltr'>Battus</span> <span class='ocrx_word' id='word_1_86' title='bbox 531 1086 748 1151; x_wconf 77' lang='lat' dir='ltr'>Cyrenen</span> <span class='ocrx_word' id='word_1_87' title='bbox 769 1087 902 1136; x_wconf 88' lang='lat' dir='ltr'>molli</span> <span class='ocrx_word' id='word_1_88' title='bbox 919 1102 1017 1136; x_wconf 87' lang='lat' dir='ltr'>tum</span> <span class='ocrx_word' id='word_1_89' title='bbox 1042 1087 1160 1137; x_wconf 78' lang='lat' dir='ltr'>forte</span> <span class='ocrx_word' id='word_1_90' title='bbox 1180 1088 1370 1138; x_wconf 82' lang='lat' dir='ltr'>fovebat</span> 
     </span>
    </p>

    <p class='ocr_par' dir='ltr' id='par_1_8' title="bbox 288 1153 1402 1220">
     <span class='ocr_line' id='line_1_15' title="bbox 288 1153 1402 1220; baseline 0.004 -20"><span class='ocrx_word' id='word_1_91' title='bbox 288 1153 490 1215; x_wconf 84' lang='lat' dir='ltr'>Imperio</span> <span class='ocrx_word' id='word_1_92' title='bbox 509 1194 520 1215; x_wconf 82' lang='grc'>,</span> <span class='ocrx_word' id='word_1_93' title='bbox 541 1154 661 1203; x_wconf 83' lang='lat' dir='ltr'>mitis</span> <span class='ocrx_word' id='word_1_94' title='bbox 687 1155 840 1203; x_wconf 83' lang='lat' dir='ltr'>Battus</span> <span class='ocrx_word' id='word_1_95' title='bbox 857 1195 869 1215; x_wconf 77' lang='grc'>,</span> <span class='ocrx_word' id='word_1_96' title='bbox 893 1155 1210 1220; x_wconf 73' lang='lat' dir='ltr'>lacrymasque</span> <span class='ocrx_word' id='word_1_97' title='bbox 1234 1155 1402 1205; x_wconf 74' lang='lat' dir='ltr'>dediffe</span> 
     </span>
    </p>

    <p class='ocr_par' dir='ltr' id='par_1_9' title="bbox 291 1220 1432 1287">
     <span class='ocr_line' id='line_1_16' title="bbox 291 1220 1432 1287; baseline 0.003 -17"><span class='ocrx_word' id='word_1_98' title='bbox 291 1220 479 1270; x_wconf 78' lang='lat' dir='ltr'>Casibus</span> <span class='ocrx_word' id='word_1_99' title='bbox 505 1221 716 1270; x_wconf 86' lang='lat' dir='ltr'>humanis</span> <span class='ocrx_word' id='word_1_100' title='bbox 736 1222 900 1271; x_wconf 86' lang='lat' dir='ltr'>facilis.</span> <span class='ocrx_word' id='word_1_101' title='bbox 926 1223 1055 1287; x_wconf 85' lang='lat' dir='ltr'>Qui,</span> <span class='ocrx_word' id='word_1_102' title='bbox 1079 1222 1281 1286; x_wconf 81' lang='lat' dir='ltr'>supplice</span> <span class='ocrx_word' id='word_1_103' title='bbox 1303 1223 1402 1273; x_wconf 65' lang='lat' dir='ltr'>visa</span> <span class='ocrx_word' id='word_1_104' title='bbox 1418 1263 1432 1286; x_wconf 91' lang='lat'><strong>,</strong></span> 
     </span>
    </p>

    <p class='ocr_par' dir='ltr' id='par_1_10' title="bbox 194 1288 1518 1625">
     <span class='ocr_line' id='line_1_17' title="bbox 194 1288 1503 1356; baseline 0.001 -17"><span class='ocrx_word' id='word_1_105' title='bbox 194 1299 251 1339; x_wconf 78' lang='lat'>60</span> <span class='ocrx_word' id='word_1_106' title='bbox 290 1288 529 1338; x_wconf 79' lang='lat' dir='ltr'>Intremuit</span> <span class='ocrx_word' id='word_1_107' title='bbox 549 1306 712 1356; x_wconf 82' lang='lat' dir='ltr'>regum</span> <span class='ocrx_word' id='word_1_108' title='bbox 738 1303 926 1338; x_wconf 85' lang='lat' dir='ltr'>eventus</span> <span class='ocrx_word' id='word_1_109' title='bbox 941 1329 955 1350; x_wconf 89' lang='lat'>‚</span> <span class='ocrx_word' id='word_1_110' title='bbox 978 1290 1276 1354; x_wconf 80' lang='lat' dir='ltr'>dextramque</span> <span class='ocrx_word' id='word_1_111' title='bbox 1295 1291 1503 1344; x_wconf 84' lang='lat' dir='ltr'>tetendit.</span> 
     </span>
     <span class='ocr_line' id='line_1_18' title="bbox 292 1355 1470 1421; baseline 0.002 -16"><span class='ocrx_word' id='word_1_112' title='bbox 292 1358 449 1421; x_wconf 83' lang='lat' dir='ltr'>Atque</span> <span class='ocrx_word' id='word_1_113' title='bbox 471 1374 525 1405; x_wconf 89' lang='lat' dir='ltr'>ea</span> <span class='ocrx_word' id='word_1_114' title='bbox 542 1396 555 1418; x_wconf 87' lang='lat'>‚</span> <span class='ocrx_word' id='word_1_115' title='bbox 580 1357 690 1404; x_wconf 90' lang='lat' dir='ltr'>dum</span> <span class='ocrx_word' id='word_1_116' title='bbox 711 1358 848 1406; x_wconf 87' lang='lat' dir='ltr'>flavas</span> <span class='ocrx_word' id='word_1_117' title='bbox 871 1356 939 1404; x_wconf 90' lang='lat' dir='ltr'>bis</span> <span class='ocrx_word' id='word_1_118' title='bbox 958 1356 1117 1404; x_wconf 87' lang='lat' dir='ltr'>tondet</span> <span class='ocrx_word' id='word_1_119' title='bbox 1138 1355 1300 1405; x_wconf 75' lang='lat' dir='ltr'>messor</span> <span class='ocrx_word' id='word_1_120' title='bbox 1323 1358 1470 1407; x_wconf 88' lang='lat' dir='ltr'>aristas</span> 
     </span>
     <span class='ocr_line' id='line_1_19' title="bbox 292 1421 1261 1490; baseline 0 -17"><span class='ocrx_word' id='word_1_121' title='bbox 292 1425 483 1475; x_wconf 77' lang='lat' dir='ltr'>Servata</span> <span class='ocrx_word' id='word_1_122' title='bbox 502 1423 677 1473; x_wconf 86' lang='lat' dir='ltr'>interea</span> <span class='ocrx_word' id='word_1_123' title='bbox 700 1421 826 1472; x_wconf 86' lang='lat' dir='ltr'>sedes</span> <span class='ocrx_word' id='word_1_124' title='bbox 849 1443 859 1471; x_wconf 72' lang='grc' dir='ltr'><strong>ε</strong></span> <span class='ocrx_word' id='word_1_125' title='bbox 885 1440 973 1472; x_wconf 88' lang='lat' dir='ltr'>nec</span> <span class='ocrx_word' id='word_1_126' title='bbox 995 1423 1175 1490; x_wconf 67' lang='lat' dir='ltr'>longius</span> <span class='ocrx_word' id='word_1_127' title='bbox 1195 1424 1261 1473; x_wconf 82' lang='lat' dir='ltr'>uti</span> 
     </span>
     <span class='ocr_line' id='line_1_20' title="bbox 294 1491 1518 1559; baseline 0.001 -19"><span class='ocrx_word' id='word_1_128' title='bbox 294 1492 388 1540; x_wconf 86' lang='lat' dir='ltr'>His</span> <span class='ocrx_word' id='word_1_129' title='bbox 408 1492 571 1555; x_wconf 86' lang='lat' dir='ltr'>opibus</span> <span class='ocrx_word' id='word_1_130' title='bbox 591 1492 816 1556; x_wconf 82' lang='lat' dir='ltr'>Battoque</span> <span class='ocrx_word' id='word_1_131' title='bbox 839 1491 926 1539; x_wconf 87' lang='lat' dir='ltr'>fuit</span> <span class='ocrx_word' id='word_1_132' title='bbox 947 1511 958 1539; x_wconf 73' lang='grc' dir='ltr'><strong>ε</strong></span> <span class='ocrx_word' id='word_1_133' title='bbox 983 1508 1092 1539; x_wconf 89' lang='lat' dir='ltr'>narn</span> <span class='ocrx_word' id='word_1_134' title='bbox 1111 1491 1230 1540; x_wconf 83' lang='lat' dir='ltr'>ferre</span> <span class='ocrx_word' id='word_1_135' title='bbox 1255 1509 1338 1554; x_wconf 85' lang='lat' dir='ltr'>per</span> <span class='ocrx_word' id='word_1_136' title='bbox 1363 1508 1518 1559; x_wconf 80' lang='lat' dir='ltr'>aequor</span> 
     </span>
     <span class='ocr_line' id='line_1_21' title="bbox 294 1558 1365 1625; baseline 0.001 -17"><span class='ocrx_word' id='word_1_137' title='bbox 294 1559 496 1609; x_wconf 83' lang='lat' dir='ltr'>Exitium</span> <span class='ocrx_word' id='word_1_138' title='bbox 521 1560 695 1608; x_wconf 75' lang='lat' dir='ltr'>misera:</span> <span class='ocrx_word' id='word_1_139' title='bbox 715 1560 807 1623; x_wconf 86' lang='lat' dir='ltr'>jam</span> <span class='ocrx_word' id='word_1_140' title='bbox 829 1558 1135 1625; x_wconf 81' lang='lat' dir='ltr'>Pygmaliona</span> <span class='ocrx_word' id='word_1_141' title='bbox 1154 1559 1365 1609; x_wconf 87' lang='lat' dir='ltr'>docebat.</span> 
     </span>
    </p>

    <p class='ocr_par' dir='ltr' id='par_1_11' title="bbox 197 1625 1551 1891">
     <span class='ocr_line' id='line_1_22' title="bbox 197 1625 1400 1694; baseline -0.003 -17"><span class='ocrx_word' id='word_1_142' title='bbox 197 1636 253 1686; x_wconf 82' lang='lat'>65</span> <span class='ocrx_word' id='word_1_143' title='bbox 294 1627 417 1694; x_wconf 83' lang='lat' dir='ltr'>Ergo</span> <span class='ocrx_word' id='word_1_144' title='bbox 440 1627 590 1693; x_wconf 85' lang='lat' dir='ltr'>agitur</span> <span class='ocrx_word' id='word_1_145' title='bbox 612 1627 780 1693; x_wconf 84' lang='lat' dir='ltr'>pelago</span> <span class='ocrx_word' id='word_1_146' title='bbox 805 1626 940 1675; x_wconf 83' lang='lat' dir='ltr'>Divis</span> <span class='ocrx_word' id='word_1_147' title='bbox 961 1625 1147 1674; x_wconf 85' lang='lat' dir='ltr'>inimica</span> <span class='ocrx_word' id='word_1_148' title='bbox 1162 1665 1173 1686; x_wconf 87' lang='lat'>,</span> <span class='ocrx_word' id='word_1_149' title='bbox 1198 1625 1368 1691; x_wconf 74' lang='lat' dir='ltr'>sibique</span> <span class='ocrx_word' id='word_1_150' title='bbox 1387 1665 1400 1687; x_wconf 88' lang='lat'>‚</span> 
     </span>
     <span class='ocr_line' id='line_1_23' title="bbox 295 1692 1551 1759; baseline 0 -16"><span class='ocrx_word' id='word_1_151' title='bbox 295 1694 439 1759; x_wconf 88' lang='lat' dir='ltr'>Quod</span> <span class='ocrx_word' id='word_1_152' title='bbox 460 1696 506 1744; x_wconf 87' lang='lat' dir='ltr'>se</span> <span class='ocrx_word' id='word_1_153' title='bbox 525 1712 617 1743; x_wconf 91' lang='lat' dir='ltr'>non</span> <span class='ocrx_word' id='word_1_154' title='bbox 646 1693 818 1743; x_wconf 87' lang='lat' dir='ltr'>dederit</span> <span class='ocrx_word' id='word_1_155' title='bbox 839 1692 1057 1743; x_wconf 88' lang='lat' dir='ltr'>comitem</span> <span class='ocrx_word' id='word_1_156' title='bbox 1079 1693 1125 1741; x_wconf 89' lang='lat' dir='ltr'>in</span> <span class='ocrx_word' id='word_1_157' title='bbox 1148 1693 1359 1756; x_wconf 82' lang='lat' dir='ltr'>suprema</span> <span class='ocrx_word' id='word_1_158' title='bbox 1382 1693 1551 1744; x_wconf 65' lang='lat' dir='ltr'>sororia</span> 
     </span>
     <span class='ocr_line' id='line_1_24' title="bbox 297 1759 1382 1827; baseline -0.001 -17"><span class='ocrx_word' id='word_1_159' title='bbox 297 1762 469 1812; x_wconf 91' lang='lat' dir='ltr'>Donec</span> <span class='ocrx_word' id='word_1_160' title='bbox 490 1763 701 1827; x_wconf 65' lang='lat' dir='ltr'>jafiatam</span> <span class='ocrx_word' id='word_1_161' title='bbox 726 1760 887 1810; x_wconf 90' lang='lat' dir='ltr'>laceris</span> <span class='ocrx_word' id='word_1_162' title='bbox 905 1766 925 1822; x_wconf 87' lang='lat'>(</span> <span class='ocrx_word' id='word_1_163' title='bbox 945 1759 1201 1810; x_wconf 85' lang='lat' dir='ltr'>miserabile</span> <span class='ocrx_word' id='word_1_164' title='bbox 1220 1766 1240 1820; x_wconf 83' lang='lat'>)</span> <span class='ocrx_word' id='word_1_165' title='bbox 1263 1761 1382 1810; x_wconf 87' lang='lat' dir='ltr'>velis</span> 
     </span>
     <span class='ocr_line' id='line_1_25' title="bbox 295 1827 1303 1891; baseline 0.001 -14"><span class='ocrx_word' id='word_1_166' title='bbox 295 1828 466 1879; x_wconf 87' lang='lat' dir='ltr'>Fatalis</span> <span class='ocrx_word' id='word_1_167' title='bbox 485 1833 618 1878; x_wconf 88' lang='lat' dir='ltr'>turbo</span> <span class='ocrx_word' id='word_1_168' title='bbox 646 1828 692 1878; x_wconf 90' lang='lat' dir='ltr'>in</span> <span class='ocrx_word' id='word_1_169' title='bbox 718 1828 971 1879; x_wconf 82' lang='lat' dir='ltr'>Laurentes</span> <span class='ocrx_word' id='word_1_170' title='bbox 991 1827 1166 1891; x_wconf 83' lang='lat' dir='ltr'>expulit</span> <span class='ocrx_word' id='word_1_171' title='bbox 1189 1846 1303 1878; x_wconf 79' lang='lat' dir='ltr'>oras·</span> 
     </span>
    </p>

    <p class='ocr_par' dir='ltr' id='par_1_12' title="bbox 302 1894 1472 1962">
     <span class='ocr_line' id='line_1_26' title="bbox 302 1894 1472 1962; baseline -0.003 -16"><span class='ocrx_word' id='word_1_172' title='bbox 302 1897 416 1946; x_wconf 92' lang='lat' dir='ltr'>Non</span> <span class='ocrx_word' id='word_1_173' title='bbox 443 1899 548 1946; x_wconf 86' lang='lat' dir='ltr'>coeli</span> <span class='ocrx_word' id='word_1_174' title='bbox 567 1938 580 1960; x_wconf 84' lang='lat'><strong><em>,</em></strong></span> <span class='ocrx_word' id='word_1_175' title='bbox 605 1914 698 1946; x_wconf 88' lang='lat' dir='ltr'>non</span> <span class='ocrx_word' id='word_1_176' title='bbox 717 1897 799 1946; x_wconf 87' lang='lat' dir='ltr'>illa</span> <span class='ocrx_word' id='word_1_177' title='bbox 821 1896 931 1962; x_wconf 78' lang='lat' dir='ltr'>soli,</span> <span class='ocrx_word' id='word_1_178' title='bbox 954 1913 1048 1943; x_wconf 90' lang='lat' dir='ltr'>non</span> <span class='ocrx_word' id='word_1_179' title='bbox 1074 1911 1214 1962; x_wconf 84' lang='lat' dir='ltr'>gnara</span> <span class='ocrx_word' id='word_1_180' title='bbox 1236 1894 1472 1959; x_wconf 60' lang='lat' dir='ltr'>colentum</span> 
     </span>
    </p>

    <p class='ocr_par' dir='ltr' id='par_1_13' title="bbox 204 1962 1372 2028">
     <span class='ocr_line' id='line_1_27' title="bbox 204 1962 1372 2028; baseline 0 -17"><span class='ocrx_word' id='word_1_181' title='bbox 204 1981 263 2021; x_wconf 86' lang='lat'>70</span> <span class='ocrx_word' id='word_1_182' title='bbox 300 1965 482 2015; x_wconf 87' lang='lat' dir='ltr'>Sidonis</span> <span class='ocrx_word' id='word_1_183' title='bbox 502 1966 547 2016; x_wconf 88' lang='lat' dir='ltr'>in</span> <span class='ocrx_word' id='word_1_184' title='bbox 572 1965 706 2014; x_wconf 61' lang='lat' dir='ltr'>Latia</span> <span class='ocrx_word' id='word_1_185' title='bbox 727 1962 981 2028; x_wconf 59' lang='lat' dir='ltr'>trepldabat</span> <span class='ocrx_word' id='word_1_186' title='bbox 1000 1962 1222 2027; x_wconf 84' lang='lat' dir='ltr'>naufraga</span> <span class='ocrx_word' id='word_1_187' title='bbox 1239 1962 1372 2011; x_wconf 59' lang='lat' dir='ltr'>terra.</span> 
     </span>
    </p>

    <p class='ocr_par' dir='ltr' id='par_1_14' title="bbox 366 2028 1460 2092">
     <span class='ocr_line' id='line_1_28' title="bbox 366 2028 1460 2092; baseline -0.007 -10"><span class='ocrx_word' id='word_1_188' title='bbox 366 2032 492 2083; x_wconf 82' lang='lat' dir='ltr'>Ecce</span> <span class='ocrx_word' id='word_1_189' title='bbox 516 2047 671 2082; x_wconf 88' lang='lat' dir='ltr'>autem</span> <span class='ocrx_word' id='word_1_190' title='bbox 696 2031 890 2092; x_wconf 86' lang='lat' dir='ltr'>AEneas,</span> <span class='ocrx_word' id='word_1_191' title='bbox 912 2031 1039 2079; x_wconf 89' lang='lat' dir='ltr'>sacro</span> <span class='ocrx_word' id='word_1_192' title='bbox 1063 2029 1303 2079; x_wconf 85' lang='lat' dir='ltr'>comitatus</span> <span class='ocrx_word' id='word_1_193' title='bbox 1325 2028 1428 2077; x_wconf 67' lang='lat' dir='ltr'>Iulo</span> <span class='ocrx_word' id='word_1_194' title='bbox 1445 2067 1460 2089; x_wconf 89' lang='lat'>,</span> 
     </span>
    </p>

    <p class='ocr_par' dir='ltr' id='par_1_15' title="bbox 302 2095 1495 2302">
     <span class='ocr_line' id='line_1_29' title="bbox 302 2095 1379 2169; baseline -0.002 -21"><span class='ocrx_word' id='word_1_195' title='bbox 302 2099 412 2154; x_wconf 85' lang='lat' dir='ltr'>Jam</span> <span class='ocrx_word' id='word_1_196' title='bbox 436 2101 569 2169; x_wconf 89' lang='lat' dir='ltr'>regni</span> <span class='ocrx_word' id='word_1_197' title='bbox 592 2118 782 2165; x_wconf 88' lang='lat' dir='ltr'>compos</span> <span class='ocrx_word' id='word_1_198' title='bbox 803 2139 815 2162; x_wconf 82' lang='lat'>‚</span> <span class='ocrx_word' id='word_1_199' title='bbox 838 2113 948 2148; x_wconf 91' lang='lat' dir='ltr'>noto</span> <span class='ocrx_word' id='word_1_200' title='bbox 972 2096 1064 2153; x_wconf 84' lang='lat' dir='ltr'>sese</span> <span class='ocrx_word' id='word_1_201' title='bbox 1089 2114 1166 2144; x_wconf 88' lang='lat' dir='ltr'>ore</span> <span class='ocrx_word' id='word_1_202' title='bbox 1185 2095 1379 2146; x_wconf 83' lang='lat' dir='ltr'>ferebat.</span> 
     </span>
     <span class='ocr_line' id='line_1_30' title="bbox 304 2163 1495 2232; baseline -0.006 -15"><span class='ocrx_word' id='word_1_203' title='bbox 304 2168 405 2232; x_wconf 92' lang='lat' dir='ltr'>Qui</span> <span class='ocrx_word' id='word_1_204' title='bbox 423 2182 551 2218; x_wconf 85' lang='lat' dir='ltr'>terrae</span> <span class='ocrx_word' id='word_1_205' title='bbox 571 2168 768 2219; x_wconf 76' lang='lat' dir='ltr'>defixam</span> <span class='ocrx_word' id='word_1_206' title='bbox 793 2167 950 2216; x_wconf 81' lang='lat' dir='ltr'>oculos</span> <span class='ocrx_word' id='word_1_207' title='bbox 965 2206 977 2228; x_wconf 85' lang='lat'>,</span> <span class='ocrx_word' id='word_1_208' title='bbox 997 2171 1039 2213; x_wconf 87' lang='lat'>&amp;</span> <span class='ocrx_word' id='word_1_209' title='bbox 1057 2164 1201 2212; x_wconf 89' lang='lat' dir='ltr'>multa</span> <span class='ocrx_word' id='word_1_210' title='bbox 1222 2163 1462 2212; x_wconf 86' lang='lat' dir='ltr'>timentem</span> <span class='ocrx_word' id='word_1_211' title='bbox 1481 2200 1495 2223; x_wconf 83' lang='lat'><strong>‚</strong></span> 
     </span>
     <span class='ocr_line' id='line_1_31' title="bbox 303 2230 1460 2302; baseline -0.003 -19"><span class='ocrx_word' id='word_1_212' title='bbox 303 2237 378 2285; x_wconf 78' lang='lat' dir='ltr'>Ac</span> <span class='ocrx_word' id='word_1_213' title='bbox 400 2236 563 2285; x_wconf 87' lang='lat' dir='ltr'>deinde</span> <span class='ocrx_word' id='word_1_214' title='bbox 586 2234 1038 2302; x_wconf 70' lang='lat' dir='ltr'>adlapsatrrgenibus</span> <span class='ocrx_word' id='word_1_215' title='bbox 1058 2230 1348 2294; x_wconf 86' lang='lat' dir='ltr'>lacrymantis</span> <span class='ocrx_word' id='word_1_216' title='bbox 1370 2231 1460 2279; x_wconf 70' lang='lat' dir='ltr'>Iuli</span> 
     </span>
    </p>

    <p class='ocr_par' dir='ltr' id='par_1_16' title="bbox 175 2297 1567 2636">
     <span class='ocr_line' id='line_1_32' title="bbox 175 2297 1387 2369; baseline -0.005 -17"><span class='ocrx_word' id='word_1_217' title='bbox 175 2334 183 2341; x_wconf 49' lang='grc' dir='ltr'><em>ν</em></span> <span class='ocrx_word' id='word_1_218' title='bbox 208 2319 264 2364; x_wconf 86' lang='grc' dir='ltr'>7ς</span> <span class='ocrx_word' id='word_1_219' title='bbox 306 2303 529 2364; x_wconf 87' lang='lat' dir='ltr'>Adtollit,</span> <span class='ocrx_word' id='word_1_220' title='bbox 552 2304 744 2369; x_wconf 88' lang='lat' dir='ltr'>mitique</span> <span class='ocrx_word' id='word_1_221' title='bbox 770 2321 907 2351; x_wconf 90' lang='lat' dir='ltr'>manu</span> <span class='ocrx_word' id='word_1_222' title='bbox 930 2302 1046 2350; x_wconf 86' lang='lat' dir='ltr'>intra</span> <span class='ocrx_word' id='word_1_223' title='bbox 1068 2298 1228 2347; x_wconf 87' lang='lat' dir='ltr'>limina</span> <span class='ocrx_word' id='word_1_224' title='bbox 1248 2297 1387 2347; x_wconf 88' lang='lat' dir='ltr'>ducit.</span> 
     </span>
     <span class='ocr_line' id='line_1_33' title="bbox 306 2368 1500 2437; baseline -0.008 -18"><span class='ocrx_word' id='word_1_225' title='bbox 306 2371 463 2435; x_wconf 87' lang='lat' dir='ltr'>Atque</span> <span class='ocrx_word' id='word_1_226' title='bbox 482 2371 562 2419; x_wconf 91' lang='lat' dir='ltr'>ubi</span> <span class='ocrx_word' id='word_1_227' title='bbox 580 2372 674 2437; x_wconf 87' lang='lat' dir='ltr'>jam</span> <span class='ocrx_word' id='word_1_228' title='bbox 697 2371 823 2418; x_wconf 85' lang='lat' dir='ltr'>casus</span> <span class='ocrx_word' id='word_1_229' title='bbox 838 2410 851 2431; x_wconf 79' lang='grc'>,</span> <span class='ocrx_word' id='word_1_230' title='bbox 874 2368 1258 2429; x_wconf 82' lang='lat' dir='ltr'>adversorumque</span> <span class='ocrx_word' id='word_1_231' title='bbox 1278 2379 1500 2427; x_wconf 85' lang='lat' dir='ltr'>pavorem</span> 
     </span>
     <span class='ocr_line' id='line_1_34' title="bbox 311 2433 1382 2500; baseline -0.007 -14"><span class='ocrx_word' id='word_1_232' title='bbox 311 2437 514 2500; x_wconf 75' lang='lat' dir='ltr'>Hospitii</span> <span class='ocrx_word' id='word_1_233' title='bbox 532 2438 691 2487; x_wconf 89' lang='lat' dir='ltr'>lenivit</span> <span class='ocrx_word' id='word_1_234' title='bbox 712 2438 857 2486; x_wconf 82' lang='lat' dir='ltr'>honos</span> <span class='ocrx_word' id='word_1_235' title='bbox 876 2476 888 2497; x_wconf 87' lang='lat'>,</span> <span class='ocrx_word' id='word_1_236' title='bbox 914 2450 1011 2484; x_wconf 89' lang='lat' dir='ltr'>tum</span> <span class='ocrx_word' id='word_1_237' title='bbox 1037 2433 1207 2482; x_wconf 74' lang='lat' dir='ltr'>discere</span> <span class='ocrx_word' id='word_1_238' title='bbox 1235 2434 1382 2480; x_wconf 66' lang='lat' dir='ltr'>maestfi</span> 
     </span>
     <span class='ocr_line' id='line_1_35' title="bbox 308 2499 1218 2568; baseline -0.008 -14"><span class='ocrx_word' id='word_1_239' title='bbox 308 2505 527 2568; x_wconf 83' lang='lat' dir='ltr'>Exposcit</span> <span class='ocrx_word' id='word_1_240' title='bbox 548 2509 653 2553; x_wconf 63' lang='lat' dir='ltr'>cura</span> <span class='ocrx_word' id='word_1_241' title='bbox 675 2506 820 2554; x_wconf 87' lang='lat' dir='ltr'>letum</span> <span class='ocrx_word' id='word_1_242' title='bbox 844 2502 1038 2552; x_wconf 80' lang='lat' dir='ltr'>infelicis</span> <span class='ocrx_word' id='word_1_243' title='bbox 1058 2499 1218 2549; x_wconf 75' lang='lat' dir='ltr'>Elissae.</span> 
     </span>
     <span class='ocr_line' id='line_1_36' title="bbox 313 2562 1567 2636; baseline -0.01 -15"><span class='ocrx_word' id='word_1_244' title='bbox 313 2572 405 2621; x_wconf 90' lang='lat' dir='ltr'>Cui</span> <span class='ocrx_word' id='word_1_245' title='bbox 431 2574 516 2631; x_wconf 82' lang='lat' dir='ltr'>fic,</span> <span class='ocrx_word' id='word_1_246' title='bbox 536 2575 678 2622; x_wconf 86' lang='lat' dir='ltr'>verba</span> <span class='ocrx_word' id='word_1_247' title='bbox 699 2572 904 2627; x_wconf 67' lang='lat' dir='ltr'>trahem,</span> <span class='ocrx_word' id='word_1_248' title='bbox 927 2570 1064 2636; x_wconf 82' lang='lat' dir='ltr'>largis</span> <span class='ocrx_word' id='word_1_249' title='bbox 1092 2585 1202 2615; x_wconf 84' lang='lat' dir='ltr'>cum</span> <span class='ocrx_word' id='word_1_250' title='bbox 1231 2564 1409 2613; x_wconf 81' lang='lat' dir='ltr'>fletibus</span> <span class='ocrx_word' id='word_1_251' title='bbox 1430 2562 1567 2612; x_wconf 80' lang='lat' dir='ltr'>Anna</span> 
     </span>
    </p>

    <p class='ocr_par' dir='ltr' id='par_1_17' title="bbox 215 2639 1445 2775">
     <span class='ocr_line' id='line_1_37' title="bbox 215 2639 1445 2704; baseline -0.007 -15"><span class='ocrx_word' id='word_1_252' title='bbox 215 2646 275 2689; x_wconf 83' lang='lat'>80</span> <span class='ocrx_word' id='word_1_253' title='bbox 311 2639 501 2704; x_wconf 81' lang='lat' dir='ltr'>Incipit,</span> <span class='ocrx_word' id='word_1_254' title='bbox 525 2645 566 2688; x_wconf 89' lang='lat'>&amp;</span> <span class='ocrx_word' id='word_1_255' title='bbox 587 2640 773 2688; x_wconf 78' lang='lat' dir='ltr'>blandas</span> <span class='ocrx_word' id='word_1_256' title='bbox 796 2639 917 2686; x_wconf 83' lang='lat' dir='ltr'>addit</span> <span class='ocrx_word' id='word_1_257' title='bbox 939 2655 1021 2699; x_wconf 85' lang='lat' dir='ltr'>pro</span> <span class='ocrx_word' id='word_1_258' title='bbox 1045 2650 1251 2696; x_wconf 82' lang='lat' dir='ltr'>tempore</span> <span class='ocrx_word' id='word_1_259' title='bbox 1272 2649 1409 2683; x_wconf 79' lang='lat' dir='ltr'>voces</span> <span class='ocrx_word' id='word_1_260' title='bbox 1434 2651 1445 2680; x_wconf 70' lang='grc' dir='ltr'>ε</span> 
     </span>
     <span class='ocr_line' id='line_1_38' title="bbox 312 2699 1268 2775; baseline -0.004 -19"><span class='ocrx_word' id='word_1_261' title='bbox 312 2705 435 2759; x_wconf 87' lang='lat' dir='ltr'>Nate</span> <span class='ocrx_word' id='word_1_262' title='bbox 455 2700 558 2758; x_wconf 67' lang='lat' dir='ltr'>Dea</span> <span class='ocrx_word' id='word_1_263' title='bbox 575 2746 589 2771; x_wconf 92' lang='lat'>‚</span> <span class='ocrx_word' id='word_1_264' title='bbox 610 2707 727 2757; x_wconf 85' lang='lat' dir='ltr'>solus</span> <span class='ocrx_word' id='word_1_265' title='bbox 747 2705 903 2775; x_wconf 84' lang='lat' dir='ltr'>regni,</span> <span class='ocrx_word' id='word_1_266' title='bbox 925 2702 1130 2769; x_wconf 82' lang='lat' dir='ltr'>lucisque</span> <span class='ocrx_word' id='word_1_267' title='bbox 1148 2699 1268 2753; x_wconf 77' lang='lat' dir='ltr'>fuisti</span> 
     </span>
    </p>
   </div>
  </div>
 </body>
</html>
