1627 3056
205 194 283 233 ¹40
732 179 972 222 No'rz

202 249 368 290 exhibet
396 260 427 287 c.
458 245 509 288 T.
534 259 577 287 ut
601 246 647 292 in
679 247 810 289 Drak.
835 249 1113 289 Confirmatur
1143 261 1175 289 c.
1208 248 1293 291 Ox.
1312 247 1362 291 Ρ.
1389 247 1440 294 R.
1468 262 1507 292 2.

200 304 338 345 Pann.
371 303 470 342 Non
500 304 720 355 agnoscunt
742 304 914 356 spurium
943 305 1114 343 versum.

286 358 439 398 Accola
466 357 620 395 Burnus
645 357 730 396 avis
754 358 954 407 majorum
983 362 1022 398 &
1042 358 1251 397 stemmate
1275 358 1418 399 clarus.

198 410 284 460 Qui
318 412 451 450 versus
483 423 505 448 a
535 410 746 450 Nicandro
778 425 861 450 non
892 411 1001 451 fietus
1026 441 1035 455 .,
1066 425 1109 451 ut
1142 411 1196 449 ait
1227 412 1353 451 Drak.
1392 413 1506 453 Nam

199 465 328 504 exstat
364 465 406 502 in
447 461 627 503 Beneffa.
664 466 765 503 Non
803 465 934 504 mimis
976 479 1110 505 autern
1149 465 1389 512 rejiciendus
1425 467 1509 506 :in

198 518 315 557 nullo
343 517 452 556 enim
476 518 645 570 antiquo
671 519 830 572 legitur.
852 519 931 558 Sed
957 521 1134 572 agnoscit
1157 517 1325 558 Beneffa
1348 520 1510 561 Burnus

197 572 288 614 uvis
306 571 493 622 pollens,
524 575 600 611 &c.
624 586 710 625 quae
740 574 781 611 in
802 574 976 626 antiquis
1005 588 1089 612 non
1116 571 1255 612 video.

262 630 351 672 598.
380 625 581 664 Indibilis.
612 627 663 667 R.
697 640 731 664 1.
764 628 882 665 Mars.
912 627 1051 666 Renes.
1084 626 1196 666 Asul.
1230 628 1401 667 Nomen
1430 641 1511 669 no-

199 679 430 719 biliffimum
455 680 497 717 in
518 680 652 719 Livio.
679 681 805 721 XXV.
830 695 864 719 c.
894 694 957 731 34.
981 680 1088 721 Aliis
1112 679 1216 719 male
1241 680 1454 722 Indibilis.

259 741 350 772 602.
375 732 452 783 Est
481 737 636 774 donum.
661 734 819 774 Desunt
845 733 908 773 hic
933 736 1110 788 quinque
1132 735 1264 773 versus
1287 736 1329 774 in
1356 750 1388 775 c.
1423 737 1509 776 Ox.
1541 765 1544 767 -

200 787 254 827 Τ.
279 790 329 828 R.
358 802 391 827 1.
421 787 557 827 Marso
575 819 584 836 ‚
608 787 679 841 qui
706 802 842 828 tamen
860 802 929 828 eos
953 790 1122 842 exponit
1138 788 1180 826 in
1199 791 1512 832 commentario.

197 840 363 881 Adsunt
390 840 485 881 licet
508 841 638 882 minsis
665 841 803 882 finceri
827 844 869 881 in
895 857 927 881 c.
957 843 1002 883 P.
1030 845 1080 884 R.
1106 856 1143 882 2.
1170 841 1350 883 Beneffa.
1374 845 1510 886 Parin.

198 895 323 936 Reae
354 896 482 934 Drak.
516 895 569 947 ‘st
596 900 751 935 donum.
784 896 833 935 In
863 897 1038 950 antiquis
1070 898 1105 936 δ’
1137 900 1279 936 donum
1298 929 1314 947 ,
1347 899 1382 937 cr
1414 898 1512 939 Da-

200 964 331 997 mum,
352 948 406 999 est
424 948 604 990 Damam
620 981 637 998 ,
665 949 883 990 Sidonium.

259 1011 351 1049 603.
375 1004 449 1042 Ad
472 1018 578 1056 quem
599 1004 786 1055 proxima
809 1009 965 1046 honore.
987 1003 1034 1043 In
1056 1018 1088 1044 c.
1116 1004 1161 1044 P.
1183 1008 1285 1045 re&e
1309 1009 1360 1045 ad
1378 1020 1513 1057 quem,

202 1069 245 1096 ut
266 1072 301 1097 v.
317 1074 409 1106 494·
424 1059 487 1098 cui
507 1059 695 1109 proxima
715 1075 726 1097 :
753 1063 805 1099 ad
820 1091 835 1107 ‚
858 1071 901 1099 at
925 1061 1023 1112 saepe
1039 1060 1268 1110 alternant3
1290 1059 1337 1100 fic
1357 1075 1395 1100 v.
1419 1067 1515 1110 624.

201 1116 254 1152 ad
277 1112 432 1162 majora
449 1142 460 1158 ,
493 1112 639 1166 legitur
659 1126 702 1154 at
733 1114 828 1167 maj.
856 1116 899 1153 in
923 1115 973 1153 R.
1000 1128 1034 1154 2.
1055 1118 1095 1154 ὃ(
1123 1114 1179 1152 ita
1202 1114 1312 1152 alibi.

262 1166 322 1205 [b.
345 1166 513 1206 Honore.
530 1169 590 1207 Sic
616 1183 648 1207 c.
673 1170 718 1207 P.
742 1170 826 1209 R.2
844 1199 854 1215 ‚
878 1169 1017 1209 Parm.
1043 1169 1091 1207 In
1108 1165 1274 1208 Beneffa
1289 1180 1331 1208 at
1347 1181 1454 1221 quem
1469 1190 1512 1200 --

199 1222 396 1261 honorant
412 1236 432 1268 ,·
458 1225 496 1261 δε
519 1223 575 1261 ita
604 1224 695 1261 hinc
722 1224 977 1262 recentiores.

257 1282 345 1320 605.
375 1275 522 1314 Puero.
544 1278 707 1330 Nempe
726 1292 846 1333 ριιεζο
868 1277 928 1316 cui
949 1276 1092 1324 ludus,
1116 1278 1190 1317 &cz
1218 1276 1318 1317 Haec
1344 1277 1508 1330 pessime

201 1327 355 1367 dividit
385 1330 512 1368 Drak.

261 1387 352 1422 608.
388 1382 654 1424 Nec-timidos.
679 1383 774 1423 Una
811 1397 927 1423 voce.
962 1382 1066 1423 Vide
1104 1394 1187 1424 not.
1217 1381 1246 1424 l.
1275 1383 1387 1426 XIV.
1423 1393 1514 1428 188.

204 1448 227 1475 2
266 1450 300 1481 3·

235 1450 352 1529 7611.
391 1488 564 1532 Vocant.
602 1491 720 1529 Nota
751 1491 855 1530 hunc
892 1504 1050 1530 morem
1078 1521 1088 1538 ‚
1125 1489 1176 1530 de
1212 1504 1294 1544 quo
1326 1491 1515 1544 Scaliger.

202 1542 383 1585 Leffion.
412 1545 569 1583 Auson.
597 1544 623 1583 1.
651 1545 680 1582 1.
711 1559 741 1584 c.
772 1554 809 1585 8.
838 1545 1016 1584 Berua-1.
1044 1545 1095 1584 ad
1120 1547 1218 1584 Stat.
1244 1547 1270 1584 1.
1301 1546 1396 1585 XM.
1422 1554 1516 1588 161.

263 1605 354 1637 620.
386 1598 510 1650 Hasta
537 1598 691 1638 volans.
717 1599 871 1639 Confer
896 1598 1026 1639 ovid.
1050 1599 1220 1638 Metam.
1245 1600 1334 1639 XV.
1358 1610 1396 1639 v.
1424 1607 1517 1646 561.

260 1660 351 1697 623.
382 1652 449 1691 En
473 1653 599 1693 latam
615 1655 823 1706 spargunt.
854 1654 916 1693 Sic
942 1653 1022 1694 fide
1050 1654 1314 1708 antiquorum
1339 1653 1428 1707 lege
1450 1653 1513 1695 10-

205 1718 299 1745 cum
325 1720 445 1758 quem
470 1708 610 1746 frustra
639 1709 841 1747 tentarunt
867 1708 987 1748 doffl.

258 1768 352 1798 628.
386 1760 517 1800 Famfz
554 1766 725 1800 ducente.
757 1765 856 1800 Sana
892 1763 1006 1808 haec,
1048 1761 1146 1801 licet
1187 1775 1270 1802 non
1306 1761 1510 1802 incendia

206 1812 400 1863 Heynfio.
427 1816 551 1852 Fama
570 1828 714 1865 nempe
737 1816 818 1854 sola
840 1815 916 1852 {leit
936 1816 1159 1867 triumphus
1180 1816 1398 1867 Scipionis,
1421 1816 1515 1867 quia

191 1866 426 1915 Privatus,
468 1881 551 1906 non
578 1868 729 1907 Conml
771 1868 1009 1919 Hispaniam
1052 1881 1369 1920 recuperaverat.
1401 1868 1511 1911 Vide

205 1922 295 1960 Val.
322 1923 434 1960 Max.
463 1921 487 1960 l.
514 1921 565 1959 11.
595 1936 628 1960 c.
657 1930 694 1961 3,
719 1926 764 1962 de
787 1921 878 1976 jure
906 1920 1124 1971 triumphi,
1148 1921 1214 1961 no.
1244 1936 1277 1969 5.

261 1982 334 2021 631
386 1974 552 2028 Frigens
575 1975 731 2015 animis.
760 1975 809 2014 In
838 1976 890 2016 R.
917 1989 954 2015 2.
971 1976 1043 2028 sed
1067 1990 1144 2015 non
1162 1991 1240 2026 par
1259 1975 1414 2016 animis.
1442 1976 1515 2017 An

204 2030 282 2068 hoc
304 2043 323 2068 e
346 2030 464 2068 Livio
493 2030 599 2069 XXI.
622 2044 655 2069 c.
683 2046 699 2076 5
714 2045 745 2073 ς.
768 2045 846 2080 par
867 2029 1038 2078 animis,
1065 2031 1194 2084 magis
1216 2034 1329 2084 quam
1346 2031 1514 2074 viribus.

212 2083 288 2123 Nil
320 2097 449 2122 mmo.
476 2083 522 2122 In
542 2098 573 2123 c.
597 2085 647 2122 T.
666 2084 840 2137 fitgz‘ens.

270 2146 362 2183 635.
391 2137 536 2177 Detur.
563 2134 667 2178 livi.
691 2138 883 2178 XXVIII.
904 2152 937 2178 c.
968 2153 1032 2185 40.

265 2199 354 2237 650.
386 2192 541 2232 Parem.
569 2193 732 2246 Nempe
754 2193 1028 2233 Hannibalem
1055 2204 1192 2245 parem
1211 2222 1222 2240 ,
1252 2190 1422 2246 dignum
1458 2206 1512 2235 te.

208 2245 316 2285 Livi.
341 2245 532 2285 XXVHI.
561 2260 592 2284 c.
618 2264 683 2296 44.

264 2306 355 2348 653·
381 2299 511 2350 Hosti.
544 2300 698 2342 Confer
724 2316 762 2342 v.
790 2309 881 2353 671.
909 2301 1019 2343 Male
1040 2301 1168 2341 Drak.
1193 2298 1331 2353 hostes.
1356 2298 1516 2353 Accipe

197 2353 324 2406 seffos
352 2353 402 2393 de
425 2356 639 2394 Romanis.

263 2416 355 2457 654·
388 2408 586 2450 Proditor.
611 2410 672 2449 Sic
696 2422 838 2449 omnes
860 2408 1031 2463 antiqui.
1057 2408 1167 2449 Male
1189 2407 1279 2448 aliis
1299 2407 1483 2462 protinus
1499 2440 1517 2460 ‚

213 2470 255 2500 ut
280 2463 320 2499 in
346 2461 526 2503 Beneffa.

265 2522 356 2561 658.
385 2516 539 2570 Quanti
561 2516 614 2568 cst
631 2520 760 2557 cedas.
787 2515 992 2557 Additum
1018 2516 1151 2571 ptimo
1180 2527 1245 2565 ut,
1278 2515 1375 2557 dein
1396 2517 1516 2571 scrip-

207 2580 294 2609 tum
325 2572 458 2620 quanti
478 2582 520 2611 ut
540 2572 581 2610 in
605 2572 794 2624 pluribus.

268 2629 360 2672 659.
394 2624 589 2666 Emerito.
622 2627 680 2665 Ut
709 2626 752 2664 in
786 2628 884 2663 Stat.
911 2624 990 2664 ΠΙ.
1029 2638 1118 2672 591.
1151 2623 1299 2677 Accipe
1331 2623 1383 2664 de
1413 2623 1515 2665 Sene

210 2675 352 2717 Fabio.
384 2680 443 2720 lb.
479 2679 548 2730 ast.
586 2680 648 2719 Sic
687 2693 719 2719 c.
759 2680 843 2718 Ox.
877 2679 926 2719 R.
959 2694 995 2718 2.
1026 2680 1145 2718 Mars.
1177 2679 1292 2719 Asul.
1327 2677 1432 2719 Aliis
1459 2678 1514 2728 est

209 2730 373 2784 inepte,
406 2748 447 2774 ut
477 2735 605 2779 Drak.
634 2733 695 2774 lb.
721 2745 845 2775 tanto.
875 2732 924 2773 ln
945 2734 996 2777 R.
1026 2745 1062 2774 2.
1089 2731 1225 2776 tacito.
1249 2732 1309 2776 lb.
1332 2730 1510 2789 percuffi.
