1627 3056
395 148 745 204 LIBER
821 147 1066 217 XIII.
1357 161 1461 230 263

157 243 436 299 Permiscere
456 243 627 293 fretum
649 243 769 292 coelo
785 282 797 305 ,
823 244 897 292 sed
921 251 961 293 ὃς
987 246 1093 294 ostia
1118 245 1237 296 Ditis

157 313 377 365 Centenis
401 313 552 360 suetus
572 312 670 360 Bri„
681 330 781 360 reus
801 313 1042 361 recludere
1064 314 1227 377 palmis
1241 355 1255 376 ‚

156 383 217 431 Et
237 381 432 445 Sphynx
453 380 686 447 virgineos
709 382 844 429 rietus
865 380 1032 428 infesta
1054 400 1214 430 cruore
1235 424 1245 439 ‚

28 467 118 513 590
153 449 733 514 Scyllaque,Centaurique
744 453 1178 514 truces‚umbraeque
1192 449 1467 518 Gigantfim.

158 519 388 567 Cerberus
410 515 486 565 hic
505 517 644 580 ruptis
663 532 876 584 peragrat
896 535 1038 582 quum
1060 533 1223 567 tartara
1239 519 1402 570 vinclis
1420 556 1435 583 ‚

158 585 270 634 Non
297 584 393 649 ipsa
415 584 580 633 Alecto
597 623 609 646 ,
631 602 719 633 nec
739 585 834 633 feta
853 584 1008 634 furore
1032 586 1237 654 Megaera

166 653 324 702 Audet
347 652 471 702 adire
490 653 640 702 ferum
659 692 671 714 ,
699 654 810 700 dum
826 653 977 702 fraffis
996 654 1125 702 mille
1150 655 1321 704 catenis

155 722 359 786 Viperei
380 721 548 770 latrans
570 720 864 788 circumligat
883 720 959 770 ilia
981 721 1145 771 caudi.

28 806 116 854 595
221 788 399 838 Dextra
415 790 534 837 vasta
549 806 705 837 comas
717 828 730 850 ,
750 788 1082 855 nemorosaque
1097 790 1284 840 brachia
1297 789 1448 840 fundit

158 857 319 905 Taxus
338 896 350 917 ,
380 856 551 922 Cocyti
573 855 702 925 rign&
726 856 981 906 frondosior
1006 856 1144 908 unda.

154 925 253 974 Hic
275 924 380 973 dirae
400 926 613 975 volucres
633 965 646 987 ,
674 925 909 990 pastusque
932 925 1158 976 cadavere
1179 930 1336 977 vultur
1350 968 1364 989 ‚

154 992 216 1041 Et
237 993 405 1040 multus
431 996 554 1041 bubo
574 1030 589 1052 ,
625 1011 679 1041 ac
700 993 855 1058 spat-fis
870 994 990 1059 stryx
1010 993 1228 1062 sanguine
1249 995 1427 1060 pennis,

154 1060 439 1124 Harpiaeque
458 1062 621 1111 fovent
639 1061 792 1125 nidos,
816 1077 950 1128 atque
970 1063 1185 1112 omnibus
1205 1065 1376 1114 haerent

26 1138 120 1179 600
159 1128 413 1176 Condenibe
442 1128 565 1177 foliis
589 1149 600 1177 z
629 1129 753 1180 saevit
769 1130 1027 1179 stridoribus
1052 1133 1205 1183 arbor.

156 1195 258 1244 Has
279 1196 395 1244 inter
416 1196 586 1246 formas
606 1197 779 1263 conjux
801 1199 994 1252 Junonis
1014 1217 1196 1248 avernae

156 1264 378 1331 Suggestu
399 1265 621 1326 refidens,
647 1267 887 1334 cognoscit
909 1265 1101 1315 crimina
1123 1285 1286 1335 regum
1308 1287 1324 1332 3

157 1331 287 1379 Stant
307 1331 447 1381 vineti
461 1373 473 1395 ,
498 1331 690 1396 seroque
714 1335 843 1401 piget
862 1333 942 1382 sub
962 1334 1115 1400 judice
1136 1335 1302 1399 culpae.

156 1398 503 1450 Circumerrant
525 1400 673 1449 Furiae
692 1441 706 1463 ‚
741 1418 1072 1466 poenarumque
1095 1403 1242 1452 omnis
1265 1404 1439 1468 imago.

26 1475 112 1530 605
152 1467 312 1532 Quam
333 1468 508 1519 vellent
528 1485 768 1534 nunquam
787 1469 974 1534 sceptris
992 1469 1158 1519 fulsisse
1179 1471 1375 1535 superbis
1393 1481 1404 1521 Ξ

159 1536 384 1585 insultant
400 1536 516 1585 duro
538 1536 733 1601 imperio
751 1577 764 1599 ,
792 1556 887 1587 non
913 1537 1050 1605 digna
1070 1556 1157 1588 nec
1177 1557 1305 1605 aequa

160 1604 239 1653 Ad
261 1603 444 1668 superos
469 1603 578 1670 paffi
597 1644 609 1666 ,
631 1604 795 1656 Manes
821 1626 830 1654 :
859 1622 1050 1671 quaeque
1072 1621 1175 1655 ante
1197 1606 1372 1670 profari

156 1671 273 1720 Non
288 1671 468 1722 licitum
491 1672 607 1723 vivis
622 1711 634 1733 ,
656 1674 842 1723 tandem
859 1672 1067 1738 permissa
1088 1689 1354 1739 queruntur.

157 1739 301 1789 Tunc
321 1741 436 1789 alius
452 1740 577 1791 saevis
597 1740 817 1810 religatur
837 1759 948 1806 rupe
972 1743 1143 1791 catenis
1166 1762 1180 1791 e

25 1810 54 1862 ’6
67 1826 121 1859 10
159 1808 241 1857 Ast
262 1807 373 1857 alius
392 1808 559 1876 subigit
578 1807 741 1858 saxum
761 1824 920 1859 contra
940 1810 1079 1858 ardua
1098 1811 1268 1860 montis
1291 1831 1304 1861 t

157 1875 362 1940 Vipereo
382 1877 541 1926 domat
558 1876 685 1925 hunc
705 1891 870 1926 aeterna
890 1876 1095 1944 Megaera
1115 1878 1322 1946 flagello-

158 1943 300 1993 Talia
325 1944 514 1993 letiferis
539 1944 703 1993 restant
729 1944 944 2007 patienda
968 1945 1186 2009 tyrannis,

225 2012 319 2060 Sed
341 2027 387 2061 te
406 2027 637 2063 maternos
655 2026 835 2076 tempus
852 2012 1136 2079 cognoscere
1155 2013 1336 2076 vultus,

162 2078 307 2143 Cuius
331 2080 479 2145 prima
498 2079 624 2131 venit
643 2097 737 2129 non
757 2079 893 2129 tardis
910 2078 1104 2144 paffibus
1123 2083 1305 2132 umbra.

25 2153 61 2200 '6
72 2163 123 2210 15
161 2148 380 2197 Adstabat
408 2148 608 2198 fecunda
627 2147 655 2200 J
662 2147 758 2197 ovis
782 2147 1038 2211 Pomponia
1057 2150 1197 2198 furto·

159 2216 382 2282 Namque
401 2257 414 2279 ‚
439 2217 518 2266 ubi
539 2215 759 2284 cognovit
775 2214 911 2265 Latio
937 2215 1166 2284 surgentia
1184 2215 1309 2265 bella

160 2284 412 2334 Poenorum
430 2324 444 2347 ‚
467 2284 629 2333 Venus
648 2281 826 2332 infidias
848 2283 1017 2333 anteire
1038 2285 1251 2333 laborans

163 2352 362 2406 Junonis
384 2393 395 2414 ‚
442 2351 542 2401 fus&
571 2351 734 2400 sensim
761 2368 843 2414 per
871 2353 1056 2415 peffora
1086 2352 1273 2401 Patrem

162 2418 398 2482 Implicuit
422 2418 611 2469 flamm&
630 2458 642 2481 ,
678 2436 776 2486 quae
797 2418 846 2467 ni
869 2419 1050 2483 provisa
1072 2418 1258 2480 fuissent
1273 2457 1288 2482 ‚

28 2489 130 2543 1620
165 2485 345 2536 Sidonis
372 2487 534 2537 Iliacas
556 2503 680 2536 nunc
699 2486 833 2558 virgo
859 2488 1133 2537 accenderet
1154 2506 1271 2536 aras·

228 2553 354 2621 Ergo
375 2555 453 2603 ubi
471 2556 668 2623 gustatus
692 2571 828 2603 cruor
845 2593 858 2616 ‚
882 2555 1210 2620 admonuitque
1230 2553 1407 2620 Sibylla
1421 2593 1437 2615 ,

167 2622 229 2671 Et
254 2622 376 2672 dedit
400 2623 599 2672 alternos
624 2624 850 2671 ambobus
876 2624 1064 2673 noscere
1083 2623 1237 2673 vultus
1256 2662 1269 2684 ‚

169 2688 248 2742 Sic
267 2688 448 2760 juvenis
472 2691 627 2759 priori
656 2709 683 2746 ο
698 2728 713 2756 ,
740 2690 901 2761 magni
916 2691 1034 2744 mihi
1051 2689 1252 2751 numinis
1272 2688 1408 2747 instat.
