1627 3056
288 209 370 242 iu
426 201 786 250 ‘rexi-nm.
838 211 1103 258 Ltnfvl.
1310 241 1367 278 47

75 260 82 266 ’
114 271 202 311 380.
232 265 346 309 Viro.
378 271 529 319 Servo,
554 274 666 327 quod
702 278 908 332 eleganter
942 283 986 322 in
1017 286 1189 340 vulgatis
1211 304 1232 330 e
1257 292 1308 335 R.
1331 310 1367 337 1.

54 317 243 359 sumtum.
276 322 324 361 In
349 324 440 362 aliis
462 325 562 373 viri,
590 342 663 368 nec
685 332 802 372 male.
825 336 940 375 Malo
955 338 1252 386 hellenismum.

91 372 347 424 405.Tr1stes
361 392 373 414 .·
386 378 532 418 C01.an
551 380 598 421 fic
614 383 654 421 in
672 386 863 427 omnibus
878 391 967 430 aliis
986 393 1194 444 pluraliter
1214 400 1335 451 tristis
1351 411 1366 442 ἓ

54 423 177 465 Plura
199 429 367 468 nomina
383 429 497 480 hujus
519 433 660 478 formae
674 468 687 485 ,
706 452 749 478 ut
766 443 891 482 omnis
905 446 1078 487 homines
1095 450 1137 489 in
1155 453 1366 507 Sallustio,

50 480 193 518 notavi
222 483 265 520 in
295 484 483 534 Silianis,
514 502 600 542 quae
632 491 763 532 forma
793 500 1004 538 communi
1034 500 1073 541 in
1099 505 1188 546 aliis
1216 522 1364 551 occur·

51 545 158 572 runt.
180 535 220 573 Si
243 535 299 576 ita
313 537 551 591 legendum,
580 545 651 584 hac
668 548 902 599 occasione,
933 554 1087 606 aliquid
1108 560 1246 602 saltem
1271 578 1368 605 mo-

49 598 194 628 nuero.
227 590 290 630 Sic
331 593 405 632 tris
442 596 579 649 saepius
619 599 661 638 in
691 613 741 640 eo
781 605 899 657 quam
937 618 1026 647 tres.
1066 611 1133 652 De
1171 616 1231 655 his
1266 618 1364 660 vide

52 640 260 690 Gellium,
293 644 320 684 l.
358 647 473 689 XIII.
497 664 529 690 c.
559 665 620 699 19.
649 655 815 697 Talibus
842 660 1109 705 intendebant
1142 680 1255 710 aures
1274 673 1364 713 Ro·

51 693 161 734 inani
188 711 198 735 ε
225 698 297 738 vix
323 712 460 741 autem
487 718 593 745 nunc
621 721 696 748 nos
726 711 926 763 spessant,
953 716 1061 769 apud
1088 734 1189 773 quos
1220 725 1361 779 lingua

52 749 184 789 aliena
211 765 286 803 pro
311 753 440 795 lubitu
465 763 761 809 pronuntiatur.

102 818 196 853 4t3.
231 807 394 848 Arcere.
428 812 478 850 Id
509 814 588 855 est.
623 816 733 863 jubet
765 832 808 858 ut
836 835 990 863 arcemn
1023 828 1062 865 &
1093 828 1244 870 vestros
1271 847 1360 874 am-

54 857 221 909 plexus,
249 865 288 901 &
320 864 516 918 conjugis.
552 868 738 911 Absurde
765 873 965 924 Heynfius
989 881 1115 920 arceri
1128 898 1148 930 ,·
1183 886 1287 938 quali
1317 899 1362 928 ut

49 926 120 964 ego
152 928 304 954 arcerer
327 918 362 955 ἃ
387 920 594 970 amplexus
620 925 769 975 vestri,
800 932 874 968 &c-
904 929 955 970 de
981 933 1100 973 Maro
1123 949 1204 976 non
1230 943 1361 992 potest

49 965 158 1012 dici,
188 969 256 1020 qui
279 983 404 1023 prope
431 973 618 1016 adstabat.
647 979 824 1020 Arcetur
847 984 958 1035 quod
987 987 1172 1029 nondum
1203 1008 1328 1048 prope
1345 1028 1359 1045 ,

49 1033 254 1061 amovetur
275 1024 387 1077 quod
406 1040 545 1080 prope.
570 1032 722 1072 Fucum
750 1033 818 1074 fibi
841 1038 937 1076 facit
963 1039 1091 1081 Drak.

107 1089 201 1124 425.
227 1077 287 1117 Ni
315 1078 450 1121 Mare.
479 1083 527 1122 C.
563 1085 654 1124 Col.
681 1089 786 1128 Tell.
823 1089 866 1130 id
893 1092 972 1139 est,
995 1096 1103 1147 sed,
1128 1096 1286 1150 Mare,
1317 1105 1360 1144 ni

47 1142 181 1177 vana,
209 1134 282 1170 &c.
305 1132 414 1173 Male
439 1135 528 1176 aliis
553 1138 606 1177 mi
627 1140 774 1190 Mare,
801 1143 842 1182 isi
863 1146 979 1186 male.

100 1197 192 1232 434.
222 1184 349 1226 Nota.
375 1189 519 1229 Mallet
543 1193 740 1246 Heynlius
770 1197 880 1239 Vota
898 1215 912 1241 .-
927 1202 1058 1253 placet
1078 1218 1087 1241 :
1109 1208 1146 1245 &
1171 1207 1279 1249 forte
1300 1210 1358 1252 ita

46 1235 89 1274 in
108 1250 147 1275 c.
161 1239 267 1277 Tell.
294 1241 359 1279 ubi
373 1254 468 1282 uota
484 1261 495 1282 .·
515 1259 609 1285 nam
635 1249 677 1288 in
700 1252 875 1305 antiquis
893 1256 1048 1308 semper
1069 1258 1153 1299 fere
1178 1276 1202 1300 ιι
1221 1278 1296 1315 pro
1319 1281 1358 1306 ν.

45 1291 153 1329 Tum
172 1293 306 1345 accipe
329 1294 380 1335 de
403 1299 524 1337 armis
548 1301 721 1343 bostium
746 1308 883 1358 captis.

99 1358 192 1393 435·
220 1346 392 1402 Magno.
431 1353 645 1407 Eleganter
682 1357 767 1398 duo
803 1374 975 1401 veteres.
1011 1364 1234 1409 Antithesis
1265 1386 1356 1414 cum

45 1399 197 1448 parvis.
230 1401 293 1440 Sic
328 1405 425 1443 Stat.
462 1411 634 1460 opponit
667 1417 1039 1466 magnum-humili
1071 1422 1179 1472 SyIV.
1207 1425 1233 1463 l.
1270 1431 1356 1468 111.

46 1452 207 1492 Hercul.
228 1454 405 1497 Sui-rent.
425 1473 463 1498 v.
488 1470 549 1508 83.
570 1463 691 1504 Dixit
710 1468 789 1515 jam
811 1470 931 1510 Silius
955 1475 1090 1526 magni
1110 1477 1257 1519 mariti.
1282 1484 1355 1521 Su-

47 1520 117 1559 pra
152 1523 243 1558 404.
284 1524 357 1551 nec
392 1513 524 1554 minus
559 1518 763 1570 eleganter
791 1524 844 1564 R.
875 1538 911 1563 2.
945 1528 1081 1580 magni
1115 1534 1355 1576 monimenta

46 1567 258 1613 trzumphO.
289 1568 339 1604 In
367 1569 494 1607 Drak.
521 1574 657 1624 magni
676 1589 940 1617 monumenta
962 1582 1171 1634 triumphi.
1204 1589 1356 1642 Agitut

46 1614 98 1656 de
125 1617 330 1669 triumpho
356 1620 503 1674 Reguli
524 1624 614 1665 fusis
634 1626 925 1684 debellatisque
943 1634 1173 1678 salentinis.

100 1686 193 1720 444.
217 1670 450 1714 Procedcre.
479 1677 540 1717 Sic
569 1681 701 1733 scripti
728 1685 778 1724 R.
806 1699 838 1724 1.
867 1687 986 1726 Mars.
1009 1689 1148 1731 Renes.
1175 1698 1216 1734 ὃ(
1237 1702 1354 1740 reike.

44 1722 209 1776 Nempe
226 1740 374 1779 magno
391 1730 591 1772 comitatu
608 1738 813 1776 consulem
835 1739 876 1777 in
895 1742 1130 1792 capitolium
1150 1749 1353 1801 sequente,

46 1778 156 1817 Hinc
177 1793 259 1818 vox
281 1781 497 1833 procffon
518 1787 621 1838 apud
643 1803 731 1830 nos.
756 1792 858 1832 Aliis
879 1801 1124 1847 praecedere,
1151 1805 1255 1845 male
1273 1807 1351 1848 hic.

42 1833 194 1885 Agitut
216 1835 371 1875 tantum
396 1836 447 1877 de
470 1842 631 1893 pompa.

101 1902 194 1936 449.
221 1886 304 1927 Fas
338 1895 422 1929 duc.
451 1892 500 1932 R.
527 1908 561 1932 2.
594 1897 683 1936 Nec
709 1911 837 1939 mutat
861 1913 892 1938 c.
915 1901 1008 1942 Col.
1039 1904 1148 1946 Aliis
1163 1910 1236 1959 fiis
1255 1913 1320 1963 est.

98 1955 147 1990 45
162 1956 193 1980 1.
225 1941 356 1993 Clufit.
379 1946 639 1999 Duo'scripti.
662 1950 770 1990 Aliis
794 1954 909 1993 duxit
930 1972 944 1994 .-
966 1970 1104 2000 errore
1125 1962 1351 2018 frequenti,

47 1994 87 2035 el
107 1996 150 2034 in
171 2000 199 2034 d
224 1997 536 2040 coalescentibus
552 2032 562 2048 ‚
587 2006 627 2042 ὅ(
651 2019 679 2044 x
701 2018 774 2057 pro
791 2007 828 2059 s
845 2007 1012 2050 assumta
1030 2043 1040 2057 ,
1065 2027 1108 2053 ut
1128 2017 1240 2069 saepc.

96 2064 190 2098 453·
216 2051 358 2090 Adire.
387 2053 450 2092 Sic
470 2067 626 2095 omnes.
657 2059 795 2100 Placet
815 2063 919 2103 adiri
939 2066 988 2104 ab
1012 2066 1205 2119 Heynfio.

40 2138 43 2139 γ
99 2117 194 2153 455.
221 2104 452 2157 consultata
467 2113 624 2161 senatu.
655 2113 757 2153 Non
775 2114 981 2158 intellexit
1000 2119 1212 2172 Heynfius.
1236 2129 1348 2171 Male

44 2156 133 2196 aliis
153 2159 330 2210 feminis.
350 2161 416 2201 De
440 2164 784 2207 senatusconsultis
810 2170 873 2210 hic
901 2185 985 2212 non
1012 2176 1144 2227 agitur
1166 2193 1185 2218 a
1207 2187 1347 2235 consu-

45 2210 123 2250 lere
141 2227 160 2260 ,·
193 2212 261 2253 sed
295 2213 348 2254 de
382 2215 612 2259 deliberatis
645 2235 668 2260 a
703 2224 923 2274 conficltare
958 2229 1070 2280 quod
1103 2231 1145 2269 in
1179 2235 1347 2281 Caesare,

45 2267 183 2305 Scribo
208 2269 350 2319 fenam
382 2271 424 2309 in
458 2273 580 2312 tertio
613 2276 700 2314 casu
734 2291 809 2329 pro
832 2281 1000 2333 senatui.
1041 2283 1107 2323 De
1137 2300 1220 2339 quo
1251 2292 1349 2336 vide

48 2334 136 2372 quae
155 2320 272 2361 ἀοέὶε
288 2323 470 2371 Gellius,
496 2326 522 2363 l.
546 2331 621 2367 IV.
642 2342 674 2368 c.
697 2337 757 2370 x6.
775 2331 838 2371 Sic
860 2336 957 2375 Stat.
975 2335 1000 2374 l.
1025 2340 1082 2376 11.
1099 2349 1190 2389 438·
1219 2343 1346 2398 luxu,

45 2373 90 2412 id
115 2374 191 2422 est,
217 2375 331 2415 luxui
351 2407 361 2422 ,
389 2389 433 2416 ut
459 2382 563 2419 τεᾶε
589 2394 706 2423 notat
735 2385 943 2437 Bernart.3
968 2402 1020 2429 ne
1045 2392 1124 2432 alia
1151 2395 1349 2444 adferam,

111 2435 203 2476 460.
233 2429 486 2482 Aspernatns
500 2457 541 2464 --
559 2434 623 2486 est.
644 2438 782 2493 Longe
805 2441 968 2494 gravior
992 2443 1047 2485 ita
1067 2447 1284 2501 sententia,
1304 2470 1347 2500 ut

43 2480 189 2534 plures.
216 2484 316 2523 Tres
337 2485 493 2538 scripti,
521 2490 572 2530 R.
592 2502 628 2530 2.
645 2492 782 2542 aliter,
805 2497 1047 2548 aspernatur.
1069 2502 1167 2541 Non
1187 2496 1345 2560 sequor.

98 2542 191 2584 468.
215 2536 405 2579 Sarrana.
430 2540 557 2582 Drak.
575 2557 617 2583 ut
639 2546 772 2597 plures
785 2551 941 2604 antiqui
960 2553 1030 2592 :in
1047 2567 1080 2593 c.
1098 2556 1189 2597 Col.
1210 2561 1346 2605 Marso

45 2587 230 2630 Serrana.
260 2592 338 2633 Sed
364 2592 543 2637 Sarrana
566 2598 709 2640 eadem
731 2615 775 2642 ac
805 2602 943 2657 Tyria.
964 2606 1073 2649 Vide
1092 2609 1345 2659 Heindreicl]

45 2641 99 2681 de
126 2643 294 2696 Republ.
325 2647 512 2704 Carthag.
541 2666 578 2704 p.
606 2666 699 2696 201.
729 2657 796 2698 De
823 2659 915 2699 Diis
938 2661 1182 2713 maioribus,
1211 2670 1346 2712 mino-

45 2697 207 2739 ribusve
229 2700 453 2744 Poenorum
477 2705 590 2757 plura
609 2707 775 2751 docebit
801 2712 928 2754 idem.
966 2716 1084 2756 Hanc
1110 2720 1168 2759 sui
1192 2724 1344 2767 reditus

42 2750 185 2796 testem
210 2767 513 2811 nuncupaverat
538 2761 745 2817 Regulus,
776 2779 818 2808 ut
837 2768 894 2809 ita
918 2770 1084 2813 certiori
1107 2774 1347 2831 sacrament}
