1627 3056
305 206 386 238 tu
442 186 1081 244 Texrtriu.L113.VI.
1298 215 1350 256 45

110 276 202 313 240.
224 262 407 304 Avefflas.
435 264 501 303 Ab
523 278 572 305 eo
600 266 679 312 iam
710 278 900 305 remotas.
933 266 981 306 In
1003 267 1053 308 R.
1082 279 1121 307 2.
1147 280 1351 320 arreptas,

55 317 210 357 frustra.
236 318 282 356 In
309 332 342 357 c.
370 320 421 358 T.
455 320 619 357 arr-efflas
636 334 654 367 ‚·
682 331 704 356 a
732 319 928 358 librario.

111 384 203 416 251.
240 371 346 410 Feri.
385 372 494 410 Male
532 372 659 411 Drak.
693 373 832 424 ferae,
872 385 967 413 nam
997 388 1037 414 v,
1078 377 1357 428 268.firum‚·

56 423 294 463 substantive
323 428 362 464 δέ
385 425 602 478 eleganter.

114 490 206 525 252.
233 477 385 517 Datur.
422 480 593 530 Scripti,
626 480 675 518 R.
703 492 740 517 2.
775 479 885 519 Aliis
907 484 1037 520 datus.

110 543 201 579 253.
228 531 314 570 Ινᾶ.
348 532 410 570 Sic
434 534 589 586 antiqui
618 535 735 573 κᾶε.
765 533 879 572 Furit
904 534 989 580 ira,
1022 535 1236 588 impatiens
1260 536 1356 580 dare

31 596 199 636 vterga3
231 598 316 625 non
345 585 558 638 impatiens
586 586 685 634 ira,
715 599 757 625 ut
784 587 888 626 male
914 587 1104 628 Gronov.
1132 590 1286 641 Heyns.

108 638 174 676 ΙΙ).
205 640 347 679 dolori.
382 641 503 680 Reae
523 628 692 693 antiqiiri.
721 640 881 680 Mavult
903 641 1053 680 doloris
1079 642 1354 693 Burmannus,

58 692 152 744 quia
178 691 205 731 l.
235 693 306 731 XI.
339 700 402 733 26.
428 693 578 734 distum
604 694 816 745 veteresque
840 694 1000 734 doloris.
1028 697 1088 734 Sic
1110 698 1241 737 Tacit.
1267 699 1357 738 An-

58 746 140 785 nal.
167 745 194 785 l.
219 745 252 785 Ι.
284 760 319 786 c.
347 760 411 786 20.
437 760 548 788 vetus
571 748 698 799 operis
722 762 769 786 ac
794 747 956 788 laboris.
980 750 1056 788 Sed
1084 749 1193 790 idem
1219 751 1353 802 dixit,

57 799 92 837 δ’
117 800 263 839 ᾱεῖἰᾶἑς
288 800 450 850 hostium
477 817 601 843 novus
621 834 636 849 ,
670 801 854 853 Agricol.
881 816 912 841 c.
947 811 1006 841 16.

121 860 210 898 256.
241 854 399 894 Rabidi.
426 858 476 897 R.
498 870 540 896 2.
560 856 669 896 Aliis
687 856 843 906 rapidi,
872 857 1004 896 minus
1019 870 1133 910 apte.
1164 872 1206 898 ut
1227 860 1356 902 Drak.

54 905 175 956 Pejus
204 909 292 948 aliis
325 909 479 960 rapido.

114 975 205 1011 257.
233 962 405 1002 Ablato.
435 964 483 1004 C.
506 964 600 1005 Col.
626 963 678 1005 R.
708 978 742 1004 2.
769 962 881 1003 Aliis
903 962 1031 1004 allato
1057 965 1121 1005 vel
1143 965 1285 1017 alato,
1314 981 1358 1009 ut

34 1015 164 1054 ¹male
191 1028 325 1056 textus
352 1017 429 1057 hic.

35 1101 39 1106 .
113 1077 206 1115 258.
236 1070 399 1123 Rurqu.
428 1073 477 1112 C.
508 1072 603 1112 Col.
632 1072 674 1110 P.
710 1073 761 1111 R.
790 1085 829 1110 2.
852 1070 990 1111 Benes.
1021 1072 1070 1111 In
1097 1086 1129 1113 c.
1155 1074 1206 1113 T.
1231 1087 1357 1128 prope

35 1124 219 1175 sursus,
251 1125 317 1164 ubi
343 1139 363 1164 c
393 1139 466 1177 pro
495 1141 525 1163 r.
558 1126 666 1165 Male
697 1125 785 1164 aliis
809 1126 933 1176 cursu.

112 1185 201 1216 260.
235 1178 394 1218 Loevam
413 1210 424 1226 ,
451 1192 595 1230 nempe
621 1184 683 1218 ad.
716 1180 825 1219 Male
855 1180 982 1218 Drak.
1003 1182 1044 1219 δε
1066 1180 1134 1220 alii
1164 1181 1281 1222 loeva.

109 1239 203 1278 265.
236 1232 441 1285 Urgentia.
472 1235 518 1272 C.
544 1233 637 1273 Col.
665 1233 750 1272 Ox.
776 1233 820 1271 P.
848 1233 900 1272 R.
926 1246 965 1272 2.
986 1233 1107 1273 Aliis.
1127 1235 1316 1287 ingentia.

110 1299 203 1336 272.
236 1287 377 1337 Caput.
413 1289 553 1326 Sensus
589 1287 734 1326 clarior
761 1285 828 1325 fiet
860 1286 919 1324 his
950 1288 1106 1328 Senecae
1141 1289 1356 1343 Hippolyt-

61 1345 150 1385 366.
177 1341 213 1380 δ’
237 1341 307 1382 vix
335 1341 492 1381 labante
509 1341 672 1393 sustinet
699 1340 804 1380 collo
833 1350 966 1390 caput.

117 1401 208 1443 276.
250 1394 352 1446 Spes
381 1395 536 1435 ultima.
579 1395 639 1434 Sic
672 1397 775 1433 recte
806 1394 960 1447 vulgati
989 1393 1107 1443 libri,
1140 1409 1173 1435 c.
1203 1398 1254 1436 T.
1282 1411 1356 1439 nec

57 1447 169 1488 aliud
187 1445 367 1488 adfertur
383 1463 404 1489 e
429 1463 464 1489 c.
483 1449 574 1488 Col.
605 1449 669 1488 ΙΙ).
689 1447 857 1503 ingentis
874 1452 1020 1488 caudae.
1045 1449 1108 1489 Sic
1133 1453 1235 1491 τεᾶε
1248 1453 1299 1493 R.
1321 1467 1357 1492 1.

57 1498 285 1543 Mediolan.
320 1503 469 1544 Nullus
491 1502 553 1543 hic
582 1503 711 1542 Drak.
738 1503 802 1543 cui
826 1503 985 1556 peffima
1011 1517 1178 1558 quaeque
1198 1507 1358 1558 placue-

59 1569 165 1597 runt.

4 1657 8 1661 ,
112 1621 203 1661 278.
236 1611 381 1665 Lapso.
411 1611 486 1651 Sic.
516 1612 566 1652 R.
596 1624 633 1651 2.
663 1609 772 1652 Aliis
798 1610 894 1663 laffo
920 1610 985 1649 vel
1017 1610 1127 1651 laxo.
1155 1614 1255 1661 Quae
1283 1613 1357 1652 sin-

58 1666 158 1719 gulis
180 1680 305 1719 prope
330 1665 429 1706 locis
452 1666 677 1712 alternant,
704 1678 840 1704 errore
865 1663 1136 1705 librariorum.
1155 1667 1359 1720 Graphice

58 1733 175 1773 caput
201 1734 314 1760 terrae
339 1732 479 1771 repens
507 1720 670 1758 exhibet
695 1732 777 1758 vox
804 1718 933 1769 lapso.

118 1783 208 1821 283.
227 1773 431 1825 Erumpir.
458 1772 613 1812 Confer
642 1772 773 1812 Ovid.
795 1773 897 1812 Met.
923 1771 949 1810 l.
976 1774 1062 1813 111.
1090 1780 1156 1819 96.
1179 1776 1278 1816 Stat.
1306 1775 1356 1816 V.

59 1838 104 1876 58
138 1857 148 1869 .

113 1844 211 1923 7288.
250 1882 475 1924 Famulum.
516 1879 624 1920 Vide
660 1893 796 1919 meum
834 1879 1014 1919 indicem
1048 1880 1179 1933 gallic.
1223 1896 1354 1931 voce,

59 1935 218 1978 Genius.

114 2001 206 2037 ²89·
250 1989 423 2040 Τερὶάᾶ,
457 1986 517 2027 Ut
552 1986 729 2026 Martial.
759 1986 811 2027 de
848 1985 980 2031 Nilo.
1021 1990 1203 2039 tepidus,
1237 1989 1265 2029 1.
1285 1989 1358 2029 XI.

58 2057 121 2097 ep.
151 2059 212 2085 12.
239 2045 346 2084 Male
377 2057 409 2082 c.
442 2040 534 2079 Col.
559 2041 744 2091 trepida,
769 2053 910 2081 contra
940 2039 1063 2082 fidem
1086 2042 1265 2092 autoris;
1292 2045 1357 2084 su-

57 2113 140 2151 pra.
168 2099 293 2140 Lento
315 2101 416 2149 pede
430 2096 564 2148 sulcat
586 2109 737 2134 arenas.

114 2166 205 2199 299.
235 2152 353 2192 Tum.
380 2152 429 2190 C.
453 2150 560 2189 Tell.
587 2149 726 2188 Renes.
755 2148 862 2188 Aliis
888 2159 979 2188 tunc
997 2179 1012 2196 ,
1045 2163 1088 2188 ut
1113 2150 1243 2192 Drak.

119 2221 207 2251 300·
234 2205 435 2257 Percepit.
458 2204 520 2243 Sic
548 2203 682 2255 scripti
704 2202 883 2254 Heynsii.
908 2204 955 2243 C.
973 2202 1081 2243 Tell.
1098 2205 1151 2246 R.
1176 2219 1210 2246 1.
1230 2206 1361 2249 Drak.

56 2259 150 2300 Alii
170 2261 370 2311 praecepz't.

118 2330 208 2362 305.
233 2316 286 2354 In
312 2314 416 2367 exig.
440 2310 583 2362 Scripti
606 2311 659 2350 R.
687 2323 721 2348 2.
747 2309 850 2350 Aliis
874 2321 916 2350 at
945 2309 1048 2363 exig.

117 2383 205 2418 307.
242 2369 395 2410 Vitam.
431 2367 586 2417 Sequor
619 2364 749 2403 Drak.
779 2364 952 2416 suspicor
984 2377 1121 2404 tamen
1151 2378 1237 2407 non
1271 2380 1361 2407 eam

60 2421 176 2461 fuisse
199 2435 377 2467 mentem
404 2419 569 2458 autoris.
592 2416 692 2457 Ideo
715 2418 801 2470 post
828 2418 950 2458 vitam
970 2421 1115 2470 pumilo
1141 2433 1226 2459 non
1251 2420 1362 2461 divi-

61 2474 202 2515 derem
218 2507 227 2522 ,
249 2480 288 2515 &
304 2477 408 2515 hunc
424 2472 610 2512 ordinem
629 2472 842 2522 syntaxeos
861 2472 1108 2511 instituerem
1130 2488 1138 2510 ε
1158 2475 1238 2523 jam
1254 2476 1362 2516 haud

59 2529 223 2569 cederet
237 2528 456 2568 Hannibali
470 2541 597 2579 regere
612 2539 780 2565 martem
795 2557 806 2573 ,
823 2525 1053 2579 adjungere,
1069 2530 1145 2566 &c-
1158 2527 1279 2568 durus
1294 2529 1365 2569 du-

61 2597 174 2625 cere.
200 2587 275 2623 &c.
294 2598 305 2628 3
326 2582 368 2622 id
387 2581 465 2628 est,
486 2580 535 2619 ad
550 2578 772 2632 regendum
790 2611 800 2627 ,
820 2582 885 2620 vel
906 2580 950 2618 in
971 2579 1150 2633 regendo
1167 2612 1182 2628 ‚
1202 2585 1276 2625 &c-
1293 2611 1302 2627 ,
1323 2588 1364 2624 &

62 2637 113 2676 fic
135 2637 185 2677 de
213 2637 314 2676 aliis.
335 2632 456 2675 Hunc
472 2633 725 2674 idiotismum
751 2633 871 2673 refert
896 2634 1069 2680 Statius,
1093 2633 1119 2672 1.
1137 2635 1186 2673 V.
1208 2649 1249 2676 v.
1274 2651 1363 2684 595·

60 2693 250 2744 graviora
279 2690 358 2730 tela
385 2689 522 2729 mereri
540 2689 721 2740 servatus
747 2703 758 2725 .·
781 2686 824 2727 id
850 2687 926 2734 est,
956 2686 1009 2727 ad
1035 2686 1273 2730 merendum
1301 2689 1367 2731 vel

65 2757 110 2789 ut
132 2757 370 2790 mereretur.
385 2742 565 2786 Videant
588 2742 731 2797 quibus
753 2755 839 2784 non
859 2740 1004 2795 vapida
1025 2753 1149 2782 mens.
