1653 3056
181 210 258 284 '95

519 202 775 261 SrL11
858 204 1262 262 ITALser

316 296 573 352 Cedentem
596 296 771 351 Consul
791 303 968 351 tumulo
992 302 1246 366 speculatus
1268 304 1325 351 ab
1347 302 1460 365 alte,

313 370 468 434 Atque
493 384 634 419 atram
653 370 764 420 belli
788 370 934 418 castris
958 370 1002 417 se
1027 370 1224 418 condere
1249 373 1419 418 nubem
1438 410 1450 432 ‚

185 444 279 504 380
315 437 549 485 Turbidus
569 438 798 500 externplo
825 437 1094 500 trepidantes
1117 437 1261 485 milite
1285 439 1434 486 maesto

182 778 272 839 385

178 1124 270 1172 390

168 1795 267 1835 400

163 2127 257 2180 '3405

160 2460 258 2511 με)

314 505 496 554 Invadit
515 522 708 566 cuneos,
732 504 965 568 subitoque
988 522 1157 567 pavore
1177 504 1351 552 relaxat

311 570 422 623 Jam
446 572 720 620 rarescentes
741 572 859 620 acies
879 591 889 619 :
913 587 1009 619 tum
1031 589 1148 621 voce
1170 571 1315 620 feroci

310 638 461 687 Poscit
481 656 652 703 equum
669 678 680 699 ,
703 656 756 688 ac
778 639 939 687 mediae
962 637 1049 687 ruit
1071 640 1117 687 in
1139 637 1386 687 certamina
1408 638 1555 690 valliS.

311 705 388 752 Sic
407 707 487 753 ubi
508 720 756 754 torrentem
776 706 1012 769 crepitanti
1033 705 1251 772 grandine
1271 705 1481 755 nimbum

312 771 452 821 Illidit
473 774 625 834 terris,
649 773 833 821 molitus
855 772 1036 837 Jupiter
1057 773 1151 821 alto

311 838 523 888 Fulmina
539 878 552 898 ,
574 857 695 888 nunc
719 840 863 902 Alpes
885 881 893 897 ‚
918 857 1041 888 nunc
1070 840 1213 888 mixta
1237 838 1466 887 Ceraunia
1496 839 1613 889 coelo

308 905 589 955 Intremuere
609 927 619 954 :
643 908 771 954 simul
792 907 923 955 tellus
939 946 951 967 ,
975 913 1017 955 &
1041 921 1227 970 pontus,
1251 911 1292 954 &
1314 906 1450 955 aether
1471 945 1487 969 ‚

306 973 499 1036 Ipsaque
527 988 760 1022 commoto
784 974 1040 1039 quatiuntur
1061 988 1223 1022 tartara
1245 974 1436 1023 mundo.

371 1040 536 1090 Incidit
555 1040 750 1089 attonitis
773 1041 960 1105 inopino
983 1041 1161 1089 turbine
1185 1040 1336 1088 Poenis

308 1106 452 1155 Haud
481 1107 608 1157 secus
627 1108 873 1172 improvisa
893 1108 1013 1168 lues,
1038 1107 1305 1174 gelidusque
1331 1107 1409 1154 sub
1434 1105 1523 1154 offa

307 1174 503 1224 Pervasit
525 1175 696 1224 miseris
717 1176 944 1239 conspedfli
968 1174 1179 1223 Consulis
1200 1175 1374 1225 horror.

308 1242 351 1288 It
369 1242 567 1304 medius,
587 1243 801 1306 ferroque
823 1259 954 1291 ruens
973 1240 1222 1290 denfiffima
1236 1282 1248 1303 ,
1270 1243 1414 1290 latum

305 1307 465 1356 Pandit
492 1309 590 1357 iter.
615 1310 807 1358 Clamor
826 1309 950 1357 vario
969 1307 1229 1356 ¹discrimine
1249 1326 1423 1358 vocum

301 1373 412 1424 fert
431 1376 540 1424 belli
558 1375 731 1424 rabiem
751 1378 807 1424 ad
828 1377 1046 1438 Superos,
1068 1381 1112 1425 ὃ(
1131 1375 1271 1423 fidera
1294 1375 1456 1438 pulsat.

303 1440 406 1489 Ceu
432 1457 560 1505 pater
580 1442 802 1492 Oceanus
825 1460 967 1506 quum
990 1441 1106 1491 saevzl
1135 1442 1319 1507 Tethye
1340 1442 1520 1503 Calpen

305 1508 594 1559 Herculeam
613 1510 750 1571 ferit,
773 1524 906 1574 atque
931 1509 1066 1557 exesa
1086 1509 1131 1557 in
1156 1508 1331 1558 viscera
1350 1508 1516 1557 montis

305 1575 583 1625 Contorturn
608 1579 799 1643 pelagus
822 1576 1086 1624 latrantibus
1105 1575 1272 1642 ingerit
1290 1575 1420 1623 undis
1443 1594 1453 1621 :

303 1642 432 1690 Dant
452 1643 674 1710 gemitum
695 1643 897 1705 scopuli,
917 1641 1167 1706 fractasque
1195 1643 1239 1690 in
1258 1643 1443 1708 rupibus
1463 1640 1605 1691 undas

304 1709 448 1756 Audit
466 1709 693 1759 Tartessos
711 1710 812 1759 latis
832 1709 1086 1758 distermina
1107 1710 1267 1772 terri53

304 1775 448 1824 Audit
464 1795 556 1825 non
578 1780 719 1841 parvo
742 1777 906 1826 divisus
930 1777 1107 1843 gurgite
1133 1776 1291 1826 Lixus,

367 1844 493 1892 Ante
512 1863 668 1893 omnes
687 1846 838 1909 jaculo
857 1845 1011 1893 tacitas
1030 1843 1216 1893 fallente
1243 1863 1323 1908 per
1343 1861 1470 1892 auras

293 1909 562 1960 *Occumbit
581 1912 758 1979 Bogus,
782 1912 1023 1960 infaustum
1045 1912 1124 1975 qui
1140 1913 1314 1975 ‚primus
1335 1913 1389 1959 ad
1411 1924 1598 1959 amnem

300 1976 457 2025 Ticini
487 1978 690 2042 rapidam
709 1981 754 2028 in
783 1981 976 2028 Rutulos
1002 1978 1277 2027 contorserat
1294 1979 1480 2027 hastam.

300 2044 383 2091 Ille
404 2045 483 2093 fibi
503 2046 691 2113 longam
714 2047 883 2095 Clotho
899 2086 910 2106 ‚
929 2049 1201 2110 turbamque
1228 2060 1449 2109 nepotum

298 2109 585 2173 Crediderat,
607 2113 734 2162 vanis
759 2115 971 2177 deceptus
991 2112 1038 2161 in
1058 2113 1161 2161 alite
1188 2114 1320 2180 signi-s
1343 2134 1354 2161 :

298 2177 390 2225 Sed
409 2195 501 2226 non
519 2181 708 2247 augurio
730 2181 975 2229 Parcarum
995 2181 1230 2244 impellere
1251 2194 1395 2229 metas

296 2244 574 2294 Conceffum
597 2248 809 2310 cuiquam
826 2288 838 2308 ‚
863 2249 951 2297 ruit
973 2248 1088 2296 inter
1108 2248 1197 2296 tela
1217 2248 1414 2297 cruentis

293 2311 549 2374 Suspiciens
568 2314 710 2364 oculis
729 2315 920 2371 coelum,
944 2315 1213 2379 superosque
1232 2314 1428 2378 reposcit

290 2377 530 2439 Tempora
549 2380 768 2442 promissae
786 2382 943 2438 media]
956 2383 1050 2447 jam
1070 2398 1216 2431 morte
1237 2383 1437 2432 seneeae.

294 2443 401 2491 Nec
421 2445 592 2512 Pagaso
613 2448 833 2497 exsultare
852 2449 1005 2510 datur,
1027 2468 1085 2498 ne
1108 2450 1295 2513 impune
1314 2450 1521 2500 relietum

295 2510 506 2560 Consulis
526 2529 629 2562 ante
656 2516 811 2563 oculos
832 2516 927 2564 vital
946 2515 1150 2579 spoliasse
1173 2518 1419 2566 Libonem.
1503 2568 1506 2569 ⁷

356 2577 619 2646 Laurigeris
640 2581 776 2629 decus
793 2582 907 2631 illud
933 2584 1050 2646 avis,
1067 2587 1278 2649 flavaque
1296 2582 1484 2651 juventa:

288 2643 505 2694 Florebat
525 2667 534 2694 :
559 2646 634 2694 sed
656 2647 874 2711 Massylus
891 2650 1144 2702 succiderat
1162 2653 1274 2701 enfis

286 2708 570 2767 Pubescente
595 2730 733 2782 caput
752 2714 873 2770 mal&
886 2756 900 2783 ‚
923 2736 1211 2788 properoque
1228 2720 1438 2835 vitentt‘elsD
1470 2782 1510 2834 l*
1641 2760 1647 2771 .,

1443 2801 1466 2835 e
1488 2794 1586 2837 cra-t
