1627 3056
273 141 355 173 IN
414 131 690 174 TEer
723 142 772 173 M.
829 132 952 173 L1z.
1012 133 1167 173 XIII.
1300 146 1371 184 ως

70 201 236 255 Scripti,
259 203 312 242 R.
340 215 376 240 2.
409 201 520 240 Male
552 201 703 243 dividit
728 204 792 243 hic
815 203 941 242 Drak.
965 217 1033 243 nec
1054 209 1172 243 edunt
1201 202 1381 252 dicitur,

68 257 175 311 quasi
203 268 283 297 tum
304 270 381 296 non
401 260 544 304 edunt,
568 261 643 296 &c.

127 319 218 359 675.
246 310 416 351 Renata.
444 309 536 350 Vid.
560 312 665 351 Livi.
695 311 840 350 XXIV.
865 325 895 350 c.
919 328 972 362 4,
1000 311 1026 352 1.
1045 310 1238 352 XXVIII.
1260 324 1291 350 c.
1313 325 1382 361 39¹.

127 373 219 404 682.
251 364 475 417 Asdrubal.
501 365 603 404 Livi.
630 366 756 411 XXV,
786 379 818 404 c.
847 380 911 411 33.

130 427 220 464 685.
250 419 351 458 Non
369 418 519 472 segnis.
545 420 647 457 Livi.
671 419 722 458 ib.
745 433 778 459 c.
808 435 882 468 34,
908 427 969 466 36.

29 473 33 494 Γ
128 480 219 522 ⁶93·
246 473 535 514 Cremaverunt.
564 475 707 513 versus
734 487 784 513 ex
811 473 1024 525 Homero,
1050 471 1194 527 Odyff.
1220 473 1293 515 XI.
1316 489 1381 526 74.

71 525 179 567 Vide
203 527 257 567 D.
278 528 333 566 H.
359 525 566 580 Crepund.

132 596 224 631 705.
251 582 391 622 Ματᾶ.
417 583 523 631 Quia
544 581 683 621 umbra
707 581 886 634 corporis
909 582 1079 635 sepulti,
1101 583 1165 622 vel
1189 578 1385 631 cremati,

76 649 149 675 nec
188 637 343 676 biberat
378 638 625 689 sanguinem.
662 637 721 676 At
751 638 888 676 umbra
922 638 1067 689 Appii,
1104 639 1172 690 qui
1205 651 1288 678 non
1322 639 1384 678 se-

73 691 205 743 pultus
219 722 228 738 ‚
250 705 410 743 poterat
430 692 566 744 loqui,
587 705 669 730 non
690 704 813 743 eporo
837 693 1027 744 sanguine
1050 722 1060 739 ,
1091 694 1203 743 supra
1219 707 1258 731 v.
1277 700 1386 742 4483

74 744 189 797 quod
211 759 297 785 non
323 745 428 785 vidit
453 747 582 785 Drak.
608 746 702 784 Jam
725 746 824 785 veto
845 757 953 786 muta
978 759 1062 785 erat
1085 749 1222 786 umbra
1241 777 1250 793 ,
1278 760 1321 786 ut
1341 746 1387 785 in

73 799 280 852 Virgilio,
311 800 386 840 VI.
420 807 511 850 264.
548 802 693 839 umbrae
713 800 886 853 silentes.
912 800 1136 840 Alternant
1167 814 1252 840 non
1295 799 1389 840 raro

75 866 235 903 mutus,
262 855 434 902 multus,
456 854 614 902 nullus,
639 868 680 894 nt
705 856 847 895 monui
871 856 896 894 1.
920 856 965 893 Χ.
991 862 1084 900 639.
1107 855 1215 894 Aliis
1234 854 1382 901 multa,

73 908 224 961 inepte.
251 909 313 948 Sic
339 920 448 948 muta
469 909 522 949 est
553 909 677 949 multa
710 909 753 947 in
775 909 824 950 R.
854 924 888 949 2.
913 909 941 948 1.
974 911 1059 948 XV.
1092 916 1182 955 615.
1210 910 1315 954 Dic,
1343 909 1388 947 in

72 963 138 1003 sua}
172 963 311 1003 ambr&
339 964 476 1010 muni,
504 965 598 1017 quia
633 977 695 1003 t0t
724 963 955 1003 vulneribus
989 961 1190 1003 confossus
1225 963 1388 1010 fuerat,

75 1030 118 1057 ut
150 1018 192 1056 ni
228 1018 386 1058 locutus
419 1016 553 1058 suisset
585 1032 668 1057 non
704 1016 930 1070 agnoviffet
967 1031 1060 1057 eum
1092 1019 1240 1070 Scipio.
1273 1017 1389 1058 Dein

75 1073 205 1112 scribo
235 1083 279 1112 at
305 1088 314 1112 :
339 1072 389 1112 fic
419 1073 609 1111 omnibus
635 1072 819 1124 pristinus
845 1073 958 1112 nitor
987 1071 1183 1112 redditur.

133 1130 224 1177 708.
255 1126 388 1166 Noai.
417 1128 464 1167 C.
497 1128 589 1166 Col.
622 1128 755 1178 Prope
784 1127 852 1165 alii
881 1127 1038 1178 scripti,
1063 1128 1114 1167 R.
1146 1140 1182 1166 2.
1211 1124 1336 1175 nosti,
1365 1138 1391 1164 a

75 1180 273 1221 Librario.
307 1181 417 1220 Aliis
450 1181 555 1221 male
585 1195 686 1220 nunc
719 1192 768 1220 te.
804 1182 868 1220 Sic
906 1181 1053 1234 legitur
1083 1181 1186 1220 infra
1219 1195 1257 1221 v.
1297 1194 1389 1232 759.

75 1236 304 1289 descendisse
334 1234 500 1283 Erebo,·
525 1239 563 1275 &
591 1236 737 1276 intrare
760 1234 915 1286 puppi,
943 1237 969 1274 1.
993 1235 1064 1274 VI.
1091 1243 1187 1284 498.

128 1304 220 1341 709.
246 1289 420 1343 Subigit.
447 1290 493 1328 C.
520 1291 568 1329 T.
593 1291 644 1330 R.
675 1304 710 1328 2.
734 1289 887 1330 Subicit
904 1321 914 1338 ‚
948 1294 987 1329 δε
1006 1289 1133 1342 subiit
1158 1290 1196 1327 in
1221 1302 1254 1327 c.
1279 1289 1335 1330 T.

127 1359 222 1395 710.
252 1344 335 1384 Cui.
362 1345 465 1383 Tres
489 1344 634 1395 scripti.
663 1344 713 1383 In
741 1358 775 1384 c.
804 1346 889 1384 Ox.
917 1344 991 1395 qui.
1018 1344 1118 1384 Aliis
1143 1358 1264 1396 quem.

133 1405 227 1448 716.
257 1398 514 1451 Lacrymans.
544 1399 594 1438 R.
629 1412 660 1437 1.
693 1398 903 1451 lacrymas.
931 1399 992 1436 Sic
1021 1398 1128 1438 forte
1151 1395 1337 1436 amassem
1367 1410 1391 1439 e

75 1452 102 1492 1.
132 1452 247 1492 xm.
282 1457 355 1503 387
372 1483 382 1499 ‚
408 1453 451 1492 ni
474 1452 518 1491 in
545 1452 692 1505 virgil.
716 1453 793 1493 VI.
818 1460 910 1493 686.
941 1452 1123 1505 ploraret
1145 1453 1271 1493 eriam
1298 1452 1394 1492 An·

81 1508 208 1559 chysae
242 1507 397 1546 umbra.

135 1574 227 1609 722.
256 1560 443 1612 Superos.
460 1559 625 1613 Scripti,
652 1562 702 1602 R.
729 1574 768 1604 2.
792 1560 916 1601 Mars.
940 1560 983 1600 in
1005 1561 1129 1602 notis.
1151 1560 1212 1600 ΙΙ).
1231 1574 1390 1612 aquan-

79 1626 169 1655 tem.
197 1616 298 1655 Tres
325 1616 472 1668 scripti.
499 1616 545 1654 In
564 1629 599 1654 c.
617 1616 667 1654 T.
685 1617 737 1656 R.
764 1631 798 1655 2.
819 1617 1000 1667 «quamsi
1029 1630 1052 1655 a
1078 1615 1281 1656 Librariis.
1311 1613 1391 1653 Sed

76 1670 226 1723 legitur
253 1682 467 1722 aequantem
495 1670 668 1720 Superos
701 1669 751 1710 de
785 1672 921 1710 senatu
940 1701 951 1717 ,
986 1671 1012 1709 1.
1039 1670 1073 1710 Ι.
1105 1678 1198 1710 611.
1227 1669 1394 1720 Superis

77 1734 295 1777 sequutum,
322 1725 389 1764 vel
415 1729 641 1775 aequandum
659 1756 674 1772 ,
703 1738 788 1764 non
815 1723 904 1763 vidi
940 1724 981 1762 in
1007 1725 1196 1777 antiquis.

131 1786 224 1828 726.
257 1778 382 1822 Vistis
407 1781 524 1818 orbus
556 1795 568 1817 .-
599 1779 664 1818 vel
687 1792 729 1818 ut
754 1776 885 1818 Ovid.
910 1777 955 1818 in
979 1779 1101 1819 Fastis
1127 1778 1272 1819 lumine
1291 1791 1390 1830 cap·

77 1844 141 1873 tus
167 1845 264 1874 erat.
292 1833 359 1874 De
390 1833 531 1884 Appio
559 1846 680 1872 caeco.

133 1897 225 1938 728.
255 1887 398 1927 Ponte.
426 1888 492 1925 De
527 1887 703 1925 Horatio
735 1886 874 1925 Coele.

136 1956 228 1991 730.
262 1941 448 1993 Ir'zclytus
470 1938 552 1979 ille.
586 1941 688 1979 Tres
709 1939 870 1992 scripti,
901 1940 953 1980 R.
985 1952 1021 1979 2.
1054 1941 1156 1980 Ben.
1193 1940 1240 1980 In
1273 1953 1306 1979 c·
1338 1942 1395 1983 Ti

79 2009 248 2049 utraque
278 1995 398 2036 leffio
423 1994 592 2048 inclytus
608 2024 626 2045 ,
652 1993 824 2041 medius,
846 2006 890 2035 ur
909 1994 1057 2035 medius
1078 1995 1121 2034 in
1140 1996 1191 2036 R.
1216 2009 1250 2035 1.
1271 1995 1394 2049 Vulg-

78 2063 259 2092 martius.

135 2120 230 2156 733.
261 2102 418 2145 Morte.
440 2099 622 2144 Benessa.
649 2103 741 2142 Nec
767 2116 898 2143 mutat
927 2118 960 2143 c.
991 2103 1083 2143 Col.
1111 2103 1160 2143 In
1183 2105 1235 2145 R.
1263 2119 1297 2143 1.
1319 2117 1390 2143 nec

78 2165 198 2201 cede.
231 2159 340 2198 Aliis
362 2174 430 2199 nec
454 2157 574 2209 ueste,
604 2172 670 2198 nec
699 2158 738 2198 ira
765 2158 870 2208 hoste
888 2190 899 2207 ‚
929 2173 997 2198 nec
1027 2158 1167 2209 meste,
1200 2163 1239 2200 &
1272 2157 1394 2199 aliter

79 2229 166 2256 non
191 2213 348 2265 melitis.

137 2284 231 2320 737.
256 2263 374 2310 Miri.
398 2269 446 2307 In
467 2269 517 2308 R.
538 2282 572 2307 2.
599 2267 719 2307 mitis.
737 2268 785 2306 In
803 2282 836 2310 c.
851 2269 902 2307 T.
926 2266 1084 2308 deletur
1098 2281 1130 2307 s.
1149 2267 1257 2308 Aliis
1279 2267 1387 2317 miti,

83 2338 128 2365 ut
150 2325 281 2363 Drak.

136 2392 228 2427 739.
257 2377 403 2427 Atque.
431 2376 479 2415 C.
501 2376 547 2415 P.
574 2376 679 2415 Aliis
710 2387 790 2417 aut.

137 2438 231 2481 746·
259 2429 431 2470 Licitum
455 2445 536 2470 nec.
564 2430 685 2470 Ordo
709 2447 776 2471 nec
799 2430 964 2471 licitum.
994 2430 1104 2470 Male
1127 2443 1158 2471 c.
1190 2430 1235 2470 P.
1262 2430 1394 2482 placi-

83 2498 165 2527 tum
183 2501 201 2534 ‚·
230 2499 312 2524 non
341 2486 548 2524 intelle&o
579 2486 687 2525 sensu
719 2486 891 2525 mutavit
918 2485 1087 2525 Sciolus.

131 2554 224 2589 751.
255 2539 398 2589 C'eljics.
432 2539 597 2578 All-adit
623 2539 675 2579 ad
702 2540 846 2593 virgil.
874 2540 908 2579 Ι.
936 2554 1029 2589 409.
1062 2538 1172 2579 Hinc
1207 2538 1316 2581 forte
1347 2540 1393 2580 in

84 2606 117 2633 c.
147 2594 192 2633 P.
214 2593 361 2642 inceffit
389 2607 463 2646 pro
486 2592 644 2644 receffi't.

149 2662 240 2698 754.
276 2647 422 2688 Piroeo.
454 2648 519 2688 De
544 2647 813 2688 Decemviris.
838 2647 898 2687 Ib.
925 2647 1029 2700 leges
1049 2647 1198 2698 petitas
1224 2663 1248 2687 α
1275 2648 1394 2687 litore

84 2698 230 2756 Pyra.)
246 2733 256 2752 ,
276 2701 357 2744 five
375 2702 570 2751 Athenis.>
587 2702 695 2745 Vide
719 2703 829 2744 Flor.
858 2701 886 2745 Ι.
917 2705 954 2745 1.
982 2715 1017 2745 c.
1043 2716 1108 2751 24.
1127 2704 1209 2743 haec
1229 2704 1405 2757 peffims
