1627 3056
185 186 291 261 318
531 189 1303 261 S1L11ITAL101

313 281 391 331 Ad
411 299 607 334 mortem
632 287 806 339 festinat
828 289 938 340 iter!
968 311 1092 342 mors
1112 333 1124 355 ,
1161 297 1335 360 optima
1357 317 1508 351 rerum
1523 342 1540 366 ,

315 350 393 398 Tu
414 353 576 420 retegis
595 354 688 404 sola
708 375 881 407 errores
900 400 912 422 ‚
939 365 983 409 δι
1006 361 1179 412 somnia
1201 365 1303 415 vitae

214 433 274 478 45
315 418 516 468 Discutis
538 426 720 473 exastae.
747 425 896 475 Video
920 445 1042 478 nunc
1069 448 1237 494 quanta
1260 435 1448 497 paravi,

311 486 389 532 Ah
408 495 417 534 l
437 487 579 537 miser
597 531 610 551 ,
633 491 850 542 incassum
873 516 882 543 :
910 496 1024 544 subii
1045 513 1155 561 quot
1178 500 1335 563 sponte
1355 504 1535 554 labores

311 554 444 617 Quos
463 555 592 605 licuit
611 561 794 608 transire
811 562 922 611 mihi
941 572 949 611 Ξ
977 566 1224 614 moriturus
1245 569 1300 616 ad
1322 570 1431 619 astra

312 621 542 671 Scandere
565 628 722 689 quaerit
745 630 886 678 homo
907 650 921 693 3
946 632 1021 680 sed
1044 651 1167 682 mors
1191 635 1328 686 docet
1352 638 1504 688 onmia
1527 658 1617 706 quo

507 691 590 740 {int

305 753 357 802 N
361 756 471 804 ostra
493 758 614 808 Ioco.
640 760 775 810 Latio
795 802 807 821 ‚
837 763 945 828 quid
968 767 1138 829 profuit
1159 809 1171 831 ,
1199 788 1324 819 arma
1343 775 1518 835 potenti

209 839 266 882 50
302 822 360 870 Et
381 825 503 873 teffls
525 826 691 876 {nferre
712 829 862 878 faces?
889 834 996 897 quid
1019 835 1194 886 foedera
1220 841 1394 888 mundo

305 889 517 942 Turbare
533 935 546 956 ,
571 910 707 960 atque
732 900 864 946 urbes
884 901 989 950 tristi
1015 904 1206 953 miscere
1225 909 1456 959 tumultu?

300 958 455 1008 Aurea
478 964 747 1013 marmoreis
768 967 938 1029 quidve
962 971 1050 1018 alta
1074 974 1238 1035 palatia
1258 976 1399 1026 muris

302 1025 501 1076 Erexisse
524 1029 651 1093 iuvat
667 1072 678 1092 ‚
707 1034 944 1098 postquam
964 1037 1021 1086 fic
1036 1037 1187 1089 *fidere
1208 1042 1325 1092 laevo

301 1094 379 1141 Sic
405 1095 502 1144 diro
524 1098 748 1160 periturus
772 1114 921 1152 eram!
951 1106 1170 1156 cariffime
1190 1109 1353 1173 frater,

206 1177 259 1222 55
301 1161 488 1224 Quanta
509 1182 638 1227 paras
658 1167 842 1219 animis!
874 1172 989 1221 heu!
1015 1174 1098 1222 fati
1118 1176 1301 1242 ignarus
1321 1181 1502 1242 acerbi,

298 1229 580 1296 Ignarusque
605 1234 711 1282 mei.
751 1236 883 1286 Dixit
907 1259 917 1287 τ
944 1254 1043 1288 tum
1064 1242 1180 1291 liber
1198 1245 1244 1293 in
1267 1263 1400 1296 auras

297 1296 490 1357 Spiritus
513 1301 769 1366 egreditur,
795 1304 945 1366 spatiis
968 1309 1088 1356 unde
1112 1311 1242 1359 altior
1263 1314 1400 1378 aequis

294 1363 571 1427 Despiceret
595 1368 794 1418 Romam
812 1371 941 1422 fimul
963 1380 1003 1423 &
1026 1376 1316 1445 Carthaginis
1338 1383 1500 1431 urbem
1521 1401 1536 1433 ε

294 1430 422 1479 Ante
450 1433 570 1482 diem
592 1435 706 1485 felix
727 1438 910 1500 abiens,
944 1460 1001 1490 ne
1025 1444 1201 1493 stimma
1220 1446 1395 1497 videret

197 1505 257 1546 60
290 1497 481 1548 Excidia
497 1541 510 1562 ‚
545 1507 587 1551 &
610 1504 744 1553 claris
763 1508 887 1569 quod
910 1510 1038 1558 restat
1062 1511 1257 1561 dedecus
1279 1515 1428 1577 annis,

295 1564 656 1633 Fraternosque,
693 1571 884 1639 suosque
911 1576 1042 1625 simul
1062 1620 1073 1641 ‚
1108 1579 1355 1645 Patriaeque
1373 1583 1555 1634 dolores

364 1633 489 1684 Ecce
517 1637 638 1686 aliud
665 1639 804 1688 decus
827 1643 947 1692 haud
969 1663 1058 1693 uno
1083 1662 1296 1696 contenta
1319 1649 1480 1699 favore

292 1699 512 1751 Nutribat
530 1704 713 1754 fortuna
736 1708 844 1758 duci
871 1731 881 1757 τ
915 1728 1023 1759 nam
1047 1716 1252 1764 concitus
1277 1716 1484 1766 Hannon

294 1768 585 1821 Adventabat
607 1812 618 1832 ,
641 1791 781 1840 agens
801 1777 1121 1840 crepitantibus
1148 1781 1330 1848 agmina
1353 1785 1487 1834 cetris

195 1840 249 1894 65
288 1834 487 1885 Barbara
508 1878 520 1899 ,
550 1844 591 1887 8(
618 1839 853 1908 indigenas
878 1845 997 1893 serus
1021 1851 1225 1910 raptabat
1250 1852 1417 1902 Iberos.

290 1901 402 1951 Non
421 1922 488 1952 ars
508 1946 520 1965 ‚
545 1922 620 1954 aut
647 1909 759 1957 astus
780 1911 892 1960 belli
913 1951 925 1973 ‚
963 1915 1040 1962 vel
1063 1915 1246 1974 dextera
1271 1917 1453 1981 deerat,

287 1969 337 2018 Si
357 1989 450 2019 non
473 1972 693 2035 Scipiadae
717 1994 1026 2029 concurreret.
1059 1983 1238 2032 Omnia
1261 1985 1419 2034 ductor

291 2037 467 2104 Magna
491 2041 606 2089 adeo
628 2043 857 2095 Ausonius
885 2048 1043 2108 majori
1067 2051 1190 2098 mole
1211 2056 1478 2115 premebat,

291 2105 361 2153 Ut
385 2107 559 2157 Phcrbe
580 2110 723 2159 stellas
743 2147 754 2168 ‚
783 2129 831 2161 ut
850 2114 996 2163 fratris
1021 2117 1197 2166 lumina
1224 2119 1428 2170 Phoeben

190 2188 251 2227 70
289 2172 575 2237 Exsuperant
597 2218 607 2237 ‚
633 2181 900 2244 montesque
922 2182 1050 2231 Atlas
1068 2225 1079 2246 ,
1111 2190 1153 2233 8<
1183 2185 1372 2236 flumina
1398 2190 1564 2252 Nilus,

291 2239 360 2296 Ut
384 2246 509 2302 pater
537 2245 758 2294 Oceanus
788 2249 1021 2311 Neptunia
1045 2254 1208 2301 caerula
1235 2255 1394 2305 vincit.
1461 2262 1469 2268 ’

290 2306 558 2358 Vallantem
581 2315 717 2362 castra
740 2318 754 2379 (
778 2317 972 2365 obscuro
995 2320 1085 2377 {am
1108 2320 1268 2384 vesper
1291 2322 1503 2386 Olympo

290 2373 500 2426 Fundere
523 2397 612 2426 non
633 2399 810 2442 aequam
833 2385 1073 2447 trepidanti
1096 2404 1297 2451 coeperat
1316 2393 1560 2452 umbram)

292 2442 578 2508 Adgreditur
597 2448 751 2497 Latius
774 2453 943 2513 rector,
989 2454 1224 2521 subitoque
1245 2458 1443 2507 tumultu

192 2521 252 2565 75
293 2508 539 2559 Caeduntur
561 2514 716 2575 paffim
744 2519 881 2582 coepti
901 2522 1152 2571 munimina
1176 2525 1287 2574 valli

291 2577 577 2638 Imperfefta.
612 2582 1002 2645 Supercontexere
1023 2590 1210 2639 herbida
1231 2592 1380 2656 lapsos

287 2642 494 2693 Pondera
519 2688 528 2707 ,
555 2652 597 2694 &
620 2649 661 2696 in
685 2653 850 2702 tumuli
871 2657 1086 2706 conceffit
1110 2660 1265 2721 cespes
1286 2661 1526 2710 honorem.

355 2711 451 2765 Vix
468 2715 548 2765 uni
568 2733 697 2767 mens
723 2719 860 2787 digna
879 2723 979 2775 viro
1002 2764 1016 2789 ‚
1049 2726 1222 2779 noviffe
1244 2729 1459 2779 minores·
