1627 3056
273 181 1100 230 INTEXTUM.L113.XI.
1291 211 1341 248 95

27 241 90 284 Ex
117 257 148 284 c.
171 245 257 285 Ox.
275 247 328 287 R.
358 263 390 287 1.
418 248 662 290 Mediol.-fic
679 267 697 292 c
732 254 783 292 T.
804 253 986 298 Beneffa.
1005 258 1117 299 Male
1135 258 1177 299 in
1197 275 1229 302 c.
1248 264 1341 305 Col.

30 300 179 338 auditis
192 316 212 348 ;
236 315 267 339 c.
303 301 347 339 P.
373 304 421 342 R.
445 317 481 341 2.
506 303 656 355 odistis.

87 361 175 392 188.
205 354 402 403 Potestas.
434 357 493 395 lta
525 358 763 398 Antoninus
786 364 825 401 &
847 363 916 402 alii
939 367 1094 414 Sto'ici,
1117 383 1294 421 quorum
1320 386 1346 414 e

26 417 201 447 numero
223 408 340 447 Silius
365 409 412 448 fic
437 412 578 463 sponte
612 415 696 453 vica
720 419 893 456 exceffit.

89 476 174 506 190·
225 462 438 516 Iungebat.
490 468 636 520 Scripti
672 470 723 508 R.
761 483 795 508 2.
833 472 1008 513 Fumum
1044 490 1175 529 captat
1211 481 1342 523 Drak-

27 527 119 553 cum
136 515 369 570 jungebant.
403 519 465 558 Sic
494 535 591 560 mox
614 526 779 562 aderant
803 525 949 565 scribit.
983 528 1027 568 In
1051 532 1204 585 scriptis
1230 538 1280 577 R.
1303 551 1342 580 2.

27 572 194 619 aderat,
225 575 342 611 reete.
367 572 478 613 Licet
495 579 658 616 aderant
673 576 734 616 hic
756 581 870 630 potiit
895 581 994 622 stare
1021 599 1185 638 propter
1207 593 1349 637 Anto-3

28 622 128 663 Ioles
143 639 163 672 ,·
197 626 265 665 sed
287 624 351 665 dic
375 626 514 669 aderat
539 633 752 671 numerosa
775 634 922 674 cohors
938 666 947 683 ,
982 653 1069 691 quae
1100 641 1334 689 Autololes.

88 687 174 723 198.
209 679 437 730 Obstruilas
470 684 628 735 replete.
665 686 724 726 Ut
759 686 802 726 in
833 689 1011 744 Virgilio
1050 694 1246 751 incensum
1280 702 1344 742 in-

19 732 211 786 flammat
228 765 237 780 ‚
270 735 321 773 ad
343 738 575 789 emphaiim.

85 801 175 835 207.
202 787 335 828 Mole.
370 791 474 831 Vide
500 793 644 847 Virgil.
671 795 716 834 X.
744 810 836 846 771·

83 849 174 880 2c8.
215 842 416 887 Minacia.
455 847 505 888 C.
541 849 634 888 Col.
672 849 781 890 Aliis
814 852 1025 895 minantia.
1065 859 1128 898 Sic
1151 861 1339 906 videmus

23 896 296 948 pugnacibus,
321 899 616 955 pugnantibus,
638 918 677 942 v.
707 919 797 953 397.

84 964 174 1000 214.
206 952 376 1003 Rapite,
402 955 466 994 ite.
491 958 635 1011 Scripti
660 959 711 999 R.
740 973 776 1000 2.
802 960 850 999 In
877 961 929 1005 R.
953 977 986 1003 ι.
1014 969 1074 1014 &‚
1100 968 1221 1020 hinc,
1248 974 1339 1025 aliis

27 1003 140 1051 inde,
173 1020 247 1059 pro
274 1008 326 1047 ite
352 1025 364 1047 .·
390 1010 507 1050 male.

79 1072 169 1108 215.
206 1062 349 1102 Pateat
376 1079 469 1104 ne-
486 1065 696 1117 explorare
722 1066 852 1118 libet,
885 1084 1014 1122 nova,
1046 1079 1120 1115 δίς.
1149 1077 1214 1119 Sic
1244 1083 1341 1122 Mo*

27 1110 117 1152 dius
134 1144 144 1161 ‚
162 1115 312 1167 Heyns.
329 1122 369 1157 ὃς
385 1117 469 1158 duo
486 1120 633 1172 scripti.
651 1121 758 1161 Aliis
775 1127 811 1163 ὅ(
830 1124 879 1165 R.
904 1140 935 1166 1.
955 1141 990 1167 2.
1006 1143 1243 1185 pateatque,
1260 1140 1338 1180 ἃς,

27 1165 105 1206 Sed
143 1171 248 1209 male
277 1201 288 1218 ,
326 1186 368 1211 ut
392 1174 434 1211 in
462 1176 571 1227 vulg.
604 1189 733 1216 textu.

82 1226 173 1262 218.
208 1224 302 1264 Uni.
331 1227 503 1267 Falsum.
531 1230 641 1268 Galli
667 1243 759 1271 ante
783 1232 1004 1277 Hannibal.
1033 1238 1125 1280 illac
1149 1244 1338 1285 transive-

28 1288 131 1315 rant.
160 1278 267 1318 Vide
291 1280 438 1321 Justin.
469 1287 508 1323 &
534 1285 688 1324 Person
723 1285 773 1325 de
803 1287 919 1328 Bello
943 1292 1079 1342 civili,
1114 1300 1205 1336 cium
1230 1299 1334 1341 Gal—

28 1330 109 1376 los,
124 1334 198 1370 &c.
221 1333 307 1374 Illic
323 1349 408 1375 etat
424 1350 490 1376 ara
504 1368 514 1384 ,
534 1352 576 1377 ur
593 1353 709 1379 norat
729 1354 749 1379 e
767 1342 980 1391 Petronio,
1003 1345 1052 1388 de
1072 1350 1189 1391 Bello
1205 1354 1333 1403 civili,

20 1384 228 1426 Barthius.
242 1388 420 1440 Alpibus
432 1393 551 1432 aeriis
564 1418 601 1426 -—
616 1394 670 1444 est
686 1395 796 1435 locus
812 1396 997 1441 Herculis
1013 1404 1236 1457 arissacer,
1261 1415 1336 1452 διε.

28 1440 82 1477 ob
109 1443 349 1482 memoriam
384 1460 493 1486 certe
515 1448 710 1489 tranfitfis.
735 1450 811 1492 Sed
833 1452 925 1493 hinc
950 1458 1068 1511 origo
1091 1461 1249 1509 hujusce
1273 1465 1337 1504 fa·

30 1492 133 1538 bulae
170 1494 384 1550 detegitur.
419 1502 584 1555 Nempe
615 1504 729 1543 Galli
765 1506 953 1548 colebant
982 1512 1200 1555 Herculem
1224 1549 1236 1565 ,
1271 1519 1337 1559 cui

26 1559 169 1597 aram,
203 1551 331 1604 Alpes
367 1556 611 1598 transeundo
634 1589 645 1605 ,
690 1558 902 1610 dicfirunt3
943 1569 981 1605 &
1021 1569 1094 1609 hac
1124 1572 1337 1614 occasione

28 1615 121 1641 nata
151 1604 284 1644 fabula
314 1606 365 1647 de
389 1611 553 1651 tranfitu
579 1613 779 1654 Herculis.

84 1671 174 1697 220.
202 1659 550 1715 RiHusffiumatzs.
577 1668 719 1719 Scripti
749 1669 944 1721 Hcynfii,
977 1688 1010 1722 c.
1036 1676 1087 1718 T.
1130 1677 1179 1718 In
1212 1681 1336 1726 editis

33 1711 124 1751 riHu
145 1714 338 1766 spumans
355 1749 367 1765 ,
396 1720 502 1760 male
526 1719 604 1764 hic.
649 1724 753 1764 Mox
778 1727 1009 1778 versabant,
1040 1730 1088 1770 fic
1116 1738 1217 1775 tecle
1239 1750 1332 1777 om·

26 1778 96 1805 nes
123 1780 206 1807 anti
241 1784 295 1812 ul.

83 1835 174 1860 222.
205 1784 397 1865 Jnveffles.
440 1827 487 1873 C.
524 1829 618 1870 Col.
652 1831 703 1871 R.
733 1845 768 1870 2.
801 1833 922 1875 Mars.
960 1837 1069 1886 Aliis
1101 1840 1332 1894 ingreditur.

27 1874 91 1913 Sic
121 1875 257 1920 Renes.
284 1881 400 1922 Asul.
427 1883 531 1921 Mox
559 1894 677 1930 toto,
707 1898 739 1922 c.
763 1886 857 1926 Col.
888 1889 971 1928 Ox.
995 1891 1039 1929 P.
1077 1893 1184 1936 Aliis
1206 1898 1334 1950 pluri-

28 1929 99 1969 bus
122 1941 247 1973 tanto.
276 1934 338 1973 Sic
364 1935 391 1974 l.
424 1935 494 1975 IV.
524 1950 563 1975 v.
589 1951 677 1986 309.
698 1942 874 1991 occurrit
897 1942 940 1995 in
968 1956 1082 1994 tot0,
1119 1950 1162 1989 in
1185 1963 1333 2006 tanto5

27 1983 139 2037 quod
167 1988 297 2026 ultim.
328 1989 370 2026 in
393 1989 521 2030 Drak.
1339 2049 1341 2051 ¹

88 2049 179 2079 228.
191 2041 290 2081 Non
303 2041 430 2084 illum.
447 2045 548 2083 Livi.
567 2044 720 2090 XXIII,
735 2061 767 2095 c.
785 2064 823 2098 7.
838 2048 928 2101 Nec
946 2067 1018 2105 quo
1034 2055 1211 2099 timorem
1225 2067 1332 2110 ,δια

89 2107 179 2140 232-
205 2096 368 2137 Illatus‚
394 2099 486 2138 Huc
509 2099 642 2139 refero
672 2114 846 2153 quatuor
869 2110 1003 2148 versus
1030 2111 1285 2166 transpofito's
1309 2132 1337 2165 a

31 2149 138 2188 male
153 2149 304 2191 feriatis
329 2153 521 2197 Librariis
538 2186 547 2202 ,
577 2167 697 2207 atque
716 2155 772 2196 ita
792 2158 903 2200 nulla
922 2164 1077 2215 amplus
1095 2167 1234 2209 lacuna
1248 2173 1339 2225 post

31 2215 68 2240 v.
95 2211 204 2253 246,
239 2210 279 2246 &
305 2207 521 2260 abiguntur
552 2208 636 2248 falfi
659 2208 744 2249 duo
768 2216 902 2254 versus
933 2217 1133 2260 Nicandri
1160 2221 1337 2278 antiquis

28 2254 178 2309 ignoti.
202 2261 291 2300 Nec
315 2262 395 2314 ipse
427 2264 553 2302 Drak.
576 2263 760 2304 fraudem
785 2266 1058 2312 Librariorum
1081 2276 1307 2320 subolfecit.

88 2325 179 2360 235.
211 2314 428 2356 Prendens.
459 2317 520 2355 sic
544 2330 633 2356 curn
658 2318 847 2361 Homero
872 2326 1016 2368 Λαβὼν.
1047 2327 1092 2368 11.
1116 2330 1248 2372 XVII.
1270 2332 1338 2378 61.

31 2363 140 2406 Vide
169 2369 259 2406 Val.
295 2370 400 2409 Flac.
427 2370 481 2409 ΙΙ.
508 2380 601 2421 458.
642 2373 750 2414 Male
778 2375 907 2426 Drak.
940 2385 1115 2431 pendens
1139 2416 1152 2434 ,

27 2421 276 2461 numismata
299 2437 387 2476 quae
407 2424 552 2467 adfert.
582 2429 631 2466 In
651 2426 712 2467 his
732 2441 817 2469 non
840 2433 993 2484 pendet
1014 2435 1096 2482 leo.

90 2482 183 2520 236.
212 2475 402 2518 Pedibus.
439 2479 545 2521 Vide
565 2481 656 2520 Livi
675 2483 829 2526 XXIII.
855 2500 888 2526 c.
910 2502 974 2532 10,
1036 2496 1038 2498 '
1221 2504 1236 2513 ³

92 2542 183 2578 245.
215 2530 481 2585 Magnanime
508 2550 531 2574 o
568 2536 693 2576 miles.
734 2540 796 2578 Sic
822 2553 854 2579 c.
887 2543 944 2590 Τ.Δ
961 2544 1014 2584 R.
1039 2559 1071 2585 1.
1109 2545 1339 2596 Mediolan.

33 2579 174 2623 Renes.
205 2585 333 2625 Drak.
375 2587 486 2629 Aliis
519 2591 771 2645 magnanimo
807 2595 949 2646 miles,
987 2600 1052 2639 vel
1092 2607 1341 2658 magnanime

37 2636 163 2678 miles.
198 2639 405 2682 Bentleius
433 2646 685 2699 magnanimo
701 2679 718 2696 ,
748 2648 864 2688 miles
881 2678 894 2698 ,
925 2654 1087 2695 meritas
1107 2687 1119 2704 ‚
1144 2658 1161 2698 i
1182 2688 1195 2707 ,
1227 2664 1344 2710 ηεᾶς

36 2703 197 2732 catenas
214 2709 227 2740 3
247 2695 360 2747 quod
378 2698 551 2740 multum
573 2701 703 2754 placet
725 2733 741 2750 ,
771 2703 840 2744 sed
869 2704 950 2747 fine
974 2708 1103 2750 libris.
1335 2722 1339 2737 “

95 2755 190 2798 246.
224 2748 418 2797 Dixerat.
466 2755 567 2797 Haec
597 2757 679 2810 jam
717 2757 921 2805 cohaerent
954 2776 1047 2805 cum
1088 2766 1352 2822 sequentibut

1192 2400 1347 2444 contra,
