1627 3056
1616 0 1626 82 ἱ

1618 85 1626 120 ι

190 191 304 250 334
567 165 822 224 StLtt
906 166 1300 223 ITALtct
1620 127 1625 158 ἓ

184 264 469 334 ffi3ossQuc‘1m
494 262 649 328 juveni
669 264 868 327 Libyam
891 268 932 312 δε
955 262 1154 310 summos
1175 262 1436 325 permittere
1461 242 1627 350 fasces÷

320 332 410 381 Sed
433 331 603 397 frigens
623 329 808 392 animis,
833 348 919 379 nec
942 331 1064 378 bello
1092 330 1304 393 prospera
1327 333 1460 380 turba
1624 361 1627 391 3

319 398 527 460 Ancipiti
549 398 693 446 senior
708 397 947 446 temeraria
973 410 1123 459 coepta
1148 399 1394 457 vetabant,

318 464 607 532 Magnosque
630 466 874 514 horrebant
894 465 1026 514 cauta
1048 464 1294 512 formidine
1321 465 1467 514 casus.

320 533 444 600 Ergo
466 571 476 591 ,
499 533 579 580 ubi
600 533 749 581 delato
772 533 944 582 Consul
965 531 1165 580 sublimis
1184 531 1358 579 honore

184 606 283 667 '635
327 603 397 648 Ad
419 601 571 648 Patres
594 601 798 648 consulta
817 600 980 659 refert,
1001 599 1221 662 deturque
1249 599 1438 659 potestas

322 667 445 716 Orat
467 667 667 714 delendae
694 666 983 733 Carthaginis
999 706 1011 727 ,
1037 665 1165 713 altius
1187 665 1310 713 orsus

318 734 431 782 Hoc
453 734 692 799 grandaeva
713 734 852 781 modo
880 733 1045 781 Fabius
1067 748 1194 795 pater
1218 750 1294 780 ora
1313 731 1497 782 resolvit
1517 750 1528 779 ε

385 801 526 848 Haud
547 801 765 865 equidem
790 799 996 848 metuisse
1020 817 1185 864 queam
1206 837 1219 859 ,
1247 799 1425 847 satiatus
1442 805 1482 848 ἃ
1504 797 1587 849 aevi

319 868 379 917 Et
407 868 608 929 decoris,
627 868 700 916 cui
723 884 813 916 tam
831 868 1024 931 superest
1044 874 1084 915 &
1106 866 1252 934 gloria
1274 872 1315 915 &
1339 883 1441 916 aetas
1456 906 1469 929 ‚

188 946 282 999 (540
318 935 396 983 Ne
418 935 573 983 credat
591 953 672 983 nos
693 934 873 985 invidiae
893 934 1139 983 certamine
1157 933 1335 982 Consul

318 1002 551 1050 Laudibus
576 1005 823 1052 obtrectare
846 1002 946 1052 suis,
980 1001 1094 1050 Satis
1118 1001 1293 1065 inclyta
1317 1017 1487 1049 nomen

274 1088 279 1092 ‘
318 1069 479 1118 Gestat
497 1070 621 1118 fama
639 1088 796 1118 meum
813 1111 825 1132 ,
844 1088 930 1118 nec
950 1084 1090 1136 egent
1112 1084 1206 1118 tam
1223 1069 1436 1132 prospera
1457 1068 1592 1117 laude

314 1137 452 1185 Fasta
473 1137 594 1186 nova
617 1158 627 1184 ε
651 1137 812 1186 verum
833 1143 874 1186 8<
898 1137 1055 1185 Patriae
1071 1177 1083 1197 ‚
1107 1137 1216 1185 dum
1237 1136 1329 1186 vita
1350 1135 1550 1184 manebit
1566 1175 1580 1199 ,

312 1203 480 1253 Deeffe
499 1204 626 1252 nefas
640 1244 651 1265 ,
679 1205 973 1269 animumque
993 1205 1119 1253 nefas
1141 1203 1359 1253 scelerare
1378 1204 1564 1252 silendo,

181 1278 275 1335 &45
314 1272 444 1320 Bella
463 1288 582 1319 nova
601 1271 645 1319 in
670 1273 844 1335 Libyes
868 1271 1039 1320 moliris
1061 1273 1226 1319 ducere
1247 1283 1416 1319 terras?

317 1337 469 1387 Hostis
491 1338 617 1386 enirn
636 1339 754 1387 deest
769 1338 981 1387 Ausonia>
999 1347 1008 1386 1
1036 1356 1124 1387 nec
1142 1340 1330 1387 vincere
1350 1338 1478 1386 nobis

313 1407 389 1455 Est
410 1405 509 1454 satis
540 1406 854 1454 Hannibalem
873 1418 886 1453 ?
907 1405 1079 1454 Petitur
1098 1423 1195 1471 quae
1215 1405 1360 1472 gloria
1384 1406 1532 1473 major

313 1474 473 1522 Litore
499 1472 692 1521 Eliffeo?
719 1474 902 1523 Stimuli
924 1473 955 1522 fi
970 1473 1115 1522 laudis
1134 1489 1272 1541 agunt
1292 1491 1373 1522 nos
1389 1511 1403 1533 ‚

313 1541 454 1589 Hanc
482 1541 682 1608 segetem
701 1556 822 1590 mete
841 1546 850 1592 l
877 1541 1150 1605 Composuit
1169 1541 1456 1605 propioribus
1475 1540 1587 1589 ausis

177 1614 278 1674 ‘550
315 1609 527 1675 Dignum
549 1623 593 1656 te
612 1609 795 1657 fortuna
819 1627 996 1671 parem.
1014 1609 1131 1659 Vult
1151 1609 1416 1670 Itala-tellus

312 1675 526 1723 Du&oris
544 1676 646 1725 saevi
663 1715 674 1737 ‚
696 1678 795 1725 vult
810 1676 997 1724 tandem
1018 1676 1196 1723 haurire
1217 1693 1444 1732 cruorem.

310 1742 423 1807 Quo
440 1743 640 1790 Martem
655 1782 667 1802 ,
691 1758 768 1792 aut
791 1743 884 1809 quo
906 1744 1030 1810 figna
1050 1742 1216 1792 trahis?
1234 1744 1507 1811 restinguere
1525 1742 1615 1806 prin

513 1827 642 1857 mum
666 1810 727 1858 est

310 1875 568 1924 Ardentem
593 1876 787 1925 Italiam.
810 1876 889 1924 Tu
910 1876 1066 1938 feffos,
1094 1877 1255 1927 obvius
1273 1876 1385 1927 hosti
1401 1918 1415 1940 ,

311 1942 522 2005 Deseris,
548 1962 601 1992 ac
621 1944 791 2007 septem
812 1944 1011 1992 denudas
1030 1945 1234 2007 proditor
1257 1955 1407 1994 arces!

174 2016 269 2077 5555
371 2011 448 2059 An
465 2050 476 2071 ,
501 2030 645 2076 quum
661 2028 707 2060 tu
723 2011 896 2076 Syrtim
918 2029 971 2060 ac
992 2013 1158 2060 steriles
1172 2014 1360 2062 vastabis
1375 2030 1557 2078 arenas,

307 2078 421 2128 Non
447 2079 543 2128 dira
563 2079 640 2128 illa
665 2080 760 2128 lues
781 2079 897 2129 notis
917 2079 1010 2140 jam
1032 2079 1257 2129 moenibus
1279 2081 1397 2129 urbis
1423 2111 1431 2115 -

315 2145 522 2195 Affiliet?
550 2164 843 2211 vacuumque
867 2145 1036 2199 Jovem
1060 2146 1146 2195 fine
1169 2150 1290 2210 pube
1314 2148 1406 2197 fine
1429 2147 1565 2196 armis

306 2213 531 2263 Invadet?
555 2216 709 2279 quanti
728 2215 787 2263 est
806 2214 938 2263 cedas
954 2254 965 2268 ,
990 2215 1281 2279 Romamque
1312 2216 1543 2282 relinquas

306 2281 511 2346 Emerito
533 2290 542 2329 Ξ
566 2283 625 2330 ast
645 2296 768 2330 tanto
791 2281 983 2346 percuffi
1003 2281 1198 2331 fulmine
1217 2282 1328 2332 belli

171 2346 267 2401 7660
300 2347 482 2397 Siccine
506 2364 552 2398 te
573 2389 586 2411 ‚
608 2365 657 2398 ut
677 2367 824 2412 nuper
842 2348 1006 2413 Capu&
1031 2350 1092 2398 est
1111 2350 1280 2398 accitus
1302 2351 1356 2398 ab
1382 2348 1473 2398 alta

303 2415 494 2465 Fulvius
508 2457 520 2477 ‚
543 2417 760 2482 aequoreis
782 2417 940 2481 Libyae
965 2417 1282 2467 revocabimus
1302 2417 1416 2465 oris?

302 2482 459 2534 Vince
480 2484 629 2546 domi,
650 2491 692 2534 8<
709 2484 832 2533 trinis
850 2499 1114 2534 maerentem
1134 2485 1296 2535 funera
1318 2484 1464 2535 lustris

303 2550 559 2599 Ausoniam
580 2570 723 2619 purga
744 2553 868 2601 bello
892 2573 903 2601 ε
933 2566 1029 2601 tum
1050 2552 1186 2602 tende
1205 2567 1405 2601 remotos

304 2619 360 2665 In
383 2617 691 2668 Garamantas
708 2621 815 2682 iter,
835 2618 1288 2686 Nasamoniacosque
1305 2618 1557 2686 triumphos

170 2686 274 2753 {6692
303 2684 496 2752 Molireg
516 2686 730 2756 Angustae
748 2689 996 2761 prohibent
1013 2706 1136 2744 nunc
1154 2688 1265 2745 talia
1284 2701 1433 2756 coepta
