1653 3056
199 159 306 214 106
570 158 1305 233 81L111T'AL101

326 254 565 306 Haerentes
584 258 714 308 hastis
737 281 746 309 ε
769 263 927 325 paffim
956 267 1220 333 clypeique,
1243 272 1448 340 jubaeque
1465 315 1480 338 ‚

326 322 482 386 Atque
509 339 627 374 artus
649 329 796 377 trunci
820 331 1051 396 capitum,
1074 335 1327 403 fra-ftusque
1352 341 1531 405 jacebat-

231 406 289 439 ιο
325 389 514 454 Offibus
532 392 578 440 in
603 393 720 443 duris
741 397 853 446 ensis
876 418 887 446 ε
914 415 1002 448 nec
1022 419 1210 454 cernere
1238 407 1394 458 deerat

326 448 500 506 Frustra
528 459 806 512 seminecum
833 469 1078 529 quaerentia
1100 471 1277 521 lumina
1302 477 1493 528 coelum.

325 523 454 573 Tum
474 526 682 590 spumans
705 530 823 580 sanie
842 534 992 595 lacus,
1020 543 1062 585 &
1085 537 1304 589 fluitantia
1330 543 1510 593 summo

323 588 567 643 AEternum
591 599 775 646 tumulis
804 603 959 650 orbata
983 604 1203 655 cadavera
1225 626 1382 672 ponto·

333 720 336 722 Ι
393 659 500 709 Nec
519 676 670 713 tamen
697 667 890 716 adversis
912 686 1061 719 ruerat
1086 688 1180 723 tota
1203 677 1314 724 Itala
1337 678 1495 729 virtus.

231 739 283 786 ις
322 725 519 777 Bruttius
537 728 709 797 ingenti
727 733 989 784 miserandae
1012 741 1141 789 caedis
1165 760 1330 793 acervo

325 792 436 842 Non
457 815 638 860 aequum
659 800 880 850 ostentans
902 805 1104 854 confosso
1127 825 1317 872 corpore
1339 813 1538 862 Martem
1554 853 1569 878 ,

323 861 562 911 Extulerat
580 865 659 915 vix
678 867 796 917 triste
822 886 959 933 caput
973 911 984 931 ‚
1008 876 1280 941 truncosque
1301 879 1508 929 trahebat

321 927 407 976 Per
425 931 641 999 stragem,
663 937 813 985 nervis
826 937 1194 992 interlabentibus
1211 984 1222 1005 ‚
1248 959 1364 994 artus
1378 987 1389 1007 ,

323 996 502 1046 Tenuis
517 1018 658 1063 opum
672 1036 684 1056 ‚
703 1021 793 1052 non
813 1022 938 1068 patre
957 1006 1100 1056 nitens
1114 1050 1125 1069 ,
1143 1011 1385 1079 Ιῐῃὲυέῑνες
1403 1014 1479 1063 sed
1496 1015 1626 1079 asper

225 1079 284 1126 χρ
322 1062 441 1113 Ense
463 1086 472 1113 ε
494 1085 581 1117 nec
606 1087 630 1116 e
653 1069 820 1120 Volscfi
843 1073 1079 1138 quisquam
1102 1078 1172 1126 vir
1203 1095 1339 1147 gente
1367 1082 1557 1133 redemit

318 1129 426 1179 Plus
449 1134 556 1196 aevi,
582 1153 667 1186 nec
687 1142 983 1206 magnanima
1009 1160 1124 1204 puer
1151 1147 1318 1195 addere
1345 1148 1438 1198 sese
1470 1179 1478 1181 r

320 1198 601 1251 Pubescente
620 1208 735 1271 genai
756 1208 904 1256 castris
931 1212 1135 1276 optfirat3
1158 1218 1200 1261 δε
1221 1216 1314 1265 acri

318 1264 550 1317 Flaminio
575 1271 801 1333 specstatus
826 1291 950 1336 erat,
974 1293 1116 1340 quum
1143 1280 1322 1330 Celtica
1347 1283 1491 1333 viffor

319 1332 551 1393 Obrueret
572 1338 693 1386 bello
721 1340 854 1390 Divis
876 1344 1139 1394 melioribus
1164 1365 1304 1399 arma.

221 1414 277 1459 ες
382 1402 492 1450 Inde
515 1404 684 1467 honor,
712 1424 764 1455 ae
790 1408 922 1457 sacrae
942 1412 1161 1469 custodia,
1185 1412 1337 1466 Marte
1359 1416 1440 1466 sub
1465 1419 1592 1468 omni

313 1466 452 1517 Alitis
473 1491 484 1519 ε
508 1471 615 1520 hine
637 1475 818 1524 causam
843 1477 1034 1528 nutrivit
1059 1481 1206 1547 gloria
1230 1483 1326 1534 leti.

314 1535 535 1602 Namque
563 1541 687 1590 necis
713 1558 886 1606 certus,
912 1549 1316 1609 captaeprohibere
1342 1550 1550 1618 nequiret

312 1602 479 1665 Quum
500 1605 663 1656 Poenos
684 1610 843 1673 aquilae
858 1652 870 1672 ,
892 1613 1124 1676 postquam
1145 1616 1365 1666 subfidere
1391 1619 1485 1668 fata

311 1668 530 1734 Viderat,
549 1679 592 1722 &
613 1678 779 1742 magnai
801 1696 1004 1745 pugnam
1022 1680 1238 1731 inclinare
1258 1685 1386 1734 ruina
1409 1727 1419 1746 ,

216 1755 274 1802 30
311 1735 547 1788 Occulere
567 1741 818 1806 interdum,
844 1752 885 1794 δί
908 1762 1033 1796 terrae
1058 1751 1276 1800 mandare
1303 1757 1504 1815 parabat·

310 1803 402 1852 Sed
418 1845 429 1866 ‚
453 1806 608 1857 subitis
632 1810 775 1860 vifius
805 1813 928 1875 telis,
955 1817 1157 1865 labentia
1185 1822 1397 1870 membra

308 1870 548 1924 Prostravit
570 1876 726 1939 super,
752 1894 887 1944 atque
912 1882 1071 1945 injefflz
1093 1899 1237 1934 morte
1259 1891 1460 1955 tegebat.

309 1938 484 1988 Verum
510 1944 587 1992 ubi
608 1944 685 1992 lux
710 1950 843 1996 noste
870 1967 896 1996 e
926 1951 1106 2017 Stygia,
1130 1953 1386 2019 miseroque
1413 1957 1575 2020 sopore

308 2007 528 2072 Reddita,
549 2011 691 2060 vicini
713 2013 769 2062 de
793 2017 935 2083 strage
959 2019 1187 2068 cadaveris
1207 2021 1327 2070 hasta

212 2088 266 2138 35
303 2074 525 2141 Erigitur,
555 2079 740 2143 {bloque
766 2082 926 2150 vigens
950 2086 1218 2146 conamine,
1241 2089 1331 2138 late

303 2142 600 2207 Stagnantem
633 2149 754 2197 caede
768 2189 779 2210 ‚
801 2156 842 2199 &
863 2152 1052 2202 facilem
1073 2154 1300 2204 discedere
1319 2172 1485 2208 terram

303 2208 422 2256 Ense
446 2211 585 2276 fodit,
610 2215 902 2282 clausamque
922 2222 1082 2286 aquilae
1104 2221 1300 2273 infelicis
1326 2227 1517 2276 adorans

300 2274 540 2343 Effigiem,
570 2283 734 2343 palmis
755 2286 1073 2352 languentibus
1095 2306 1241 2355 aequat
1270 2310 1445 2342 arenas.

299 2342 544 2404 Supremus
566 2348 664 2397 feffi
691 2364 850 2401 tenues
875 2371 972 2404 tum
1000 2357 1123 2406 cessit
1145 2358 1191 2407 in
1216 2376 1344 2408 auras

201 2423 263 2468 40
298 2407 503 2470 Halitus,
524 2419 565 2462 &
587 2433 804 2483 magnam
827 2424 946 2472 misit
966 2424 1046 2472 sub
1066 2439 1228 2476 tartara
1252 2444 1475 2479 mentem.

221 2531 226 2538 ,
365 2475 508 2528 Juxta
535 2497 720 2533 cernere
753 2502 871 2549 erat,
894 2491 1056 2540 merito
1080 2493 1159 2542 fibi
1182 2495 1370 2558 poscere
1396 2515 1586 2551 carmen

298 2540 490 2594 Virtutis
508 2547 681 2600 sacram
704 2555 896 2606 rabiem.
920 2558 1132 2609 Laevinus
1149 2602 1161 2624 ‚
1182 2565 1238 2611 ab
1262 2564 1353 2612 alto

295 2608 514 2662 Priverno
530 2653 541 2674 ‚
564 2616 664 2666 vitis
689 2617 836 2671 Latiae
862 2627 1088 2695 praefignis
1114 2628 1288 2680 honore
1308 2671 1322 2694 ,

295 2674 573 2734 Exanimum
588 2684 640 2736 N
648 2685 859 2743 asamona
878 2691 1037 2763 Tyren
1058 2695 1191 2766 super
1216 2698 1313 2765 ipse
1330 2697 1512 2766 jacebat

1605 1460 1621 1483 >
