1653 3056
146 217 254 276 118
519 210 1240 270 SxL11ITAL101

280 308 472 370 Abfiste,
498 327 552 357 ac
579 309 692 358 natis
714 307 781 356 fas
805 307 894 356 duc
917 308 1170 357 concedere
1196 308 1394 356 nostem.

147 396 243 440 450
343 376 446 425 Hos
466 377 582 424 inter
602 376 728 424 fletus
751 375 926 437 junstus
945 374 1129 441 vestigia
1151 373 1301 421 Poenis

279 444 466 492 Limine
491 444 535 490 se
558 444 682 492 clufit
702 442 847 508 Tyrio
862 483 873 503 ,
894 444 1155 506 questusque
1174 440 1374 504 reliquit.

276 511 491 560 ¹Vixdum
515 512 636 559 clara
657 510 749 559 dies
768 510 943 558 summa
969 511 1180 557 lustrabat
1203 507 1248 555 in
1276 510 1384 555 OEtfi

285 578 509 626 Herculei
529 579 812 626 monimenta
839 578 963 644 rogi,
986 594 1128 640 quum
1151 575 1326 623 Consul
1350 573 1472 622 adire

285 646 531 710 Accirique
552 646 677 707 jubet
702 645 886 708 Libyas.
913 644 1042 691 Tum
1066 642 1225 691 limina
1251 640 1412 704 templi

148 731 209 775 45
224 732 241 776 5
279 711 493 761 Vidimus
514 712 773 761 intrantem.
798 712 915 775 Quae
939 710 1190 759 consultata
1216 708 1407 769 Senatu,

285 779 473 843 Quasve
495 779 580 828 viri
604 797 741 828 voces
763 793 1021 825 extremum
1044 777 1183 824 Curia
1207 791 1395 823 maerens

285 846 498 894 Audierit
513 885 524 906 ,
547 846 727 909 placido
751 844 878 894 nobis
899 844 992 906 ipse
1017 843 1154 891 edidit
1176 859 1270 889 ore.

281 913 440 962 Intulit
465 927 514 960 ut
539 911 733 979 gressus,
762 911 967 960 certatim
986 927 1103 958 voce
1120 950 1132 970 ,
1160 925 1391 970 manuque

286 979 363 1026 Ad
388 980 567 1028 solitam
593 979 746 1027 sedem
761 1019 772 1040 ,
796 984 838 1028 8<
860 978 1045 1043 vestigia
1068 993 1174 1026 nota
1198 979 1427 1024 vocabant
1448 995 1459 1020 ε

154 1057 249 1113 460
272 1047 450 1096 Abnuit
476 1069 485 1097 ς
509 1046 836 1110 antiquumque
860 1045 953 1093 loci
973 1046 1226 1108 aspernatus
1248 1043 1471 1091 honorem
1502 1042 1582 1092 est.

287 1114 351 1162 At
372 1114 631 1162 circumfusi
651 1132 741 1162 non
767 1112 904 1161 secius
928 1113 1127 1176 undique
1152 1111 1359 1158 dextram

285 1181 526 1242 Prensare,
551 1198 604 1228 ac
619 1220 631 1243 ,
653 1181 811 1229 Patria:
822 1176 1066 1228 fiuctorem
1091 1177 1275 1226 nomine
1298 1191 1422 1225 tanto

285 1248 516 1296 Reddet-et
536 1287 547 1305 ‚
566 1251 755 1296 orabant
776 1269 786 1296 z
817 1245 995 1310 captiva
1016 1246 1137 1309 poffe
1157 1245 1413 1294 redemtum

288 1314 471 1363 Pensari
491 1313 651 1377 turb33
674 1333 727 1363 ac
748 1314 913 1376 Tyrias
932 1328 1030 1362 tum
1048 1313 1195 1376 justius
1215 1330 1341 1360 arces

155 1393 247 1446 465
286 1382 478 1430 Arsuras
500 1381 655 1429 dextra
671 1421 683 1442 ‚
707 1381 842 1429 fuerit
861 1398 958 1445 quae
978 1380 1128 1428 vincta
1152 1378 1336 1428 catenis.
1362 1413 1365 1417 -

353 1448 483 1496 Tum
503 1449 679 1511 palmas
700 1447 833 1495 fimul
859 1448 1089 1507 attonem,
1114 1464 1169 1494 ac
1191 1445 1363 1494 lumina
1384 1444 1502 1494 ccclo
1521 1464 1538 1508 3

284 1513 469 1567 Justitiae
495 1515 692 1579 rectique
716 1515 844 1563 dator
860 1549 874 1570 ‚
901 1515 978 1579 qui
1000 1515 1161 1562 cuneta
1183 1515 1432 1580 gubernas,

293 1582 399 1631 Nec
418 1583 562 1632 levior
587 1581 701 1630 mihi
726 1582 828 1631 diva
852 1581 962 1630 fides
976 1621 988 1643 ‚
1009 1582 1291 1644 Sarranaque
1311 1581 1461 1641 Juno,

286 1650 422 1711 Quos
441 1648 606 1698 reditus
627 1650 754 1697 testes
780 1649 922 1713 jurata
948 1661 1101 1696 mente
1126 1647 1317 1707 vocavi,

155 1735 250 1776 470
283 1716 332 1763 Si
352 1716 463 1765 mihi
483 1717 552 1764 fas
571 1735 648 1764 me
673 1717 811 1783 digna
830 1714 984 1779 loqui,
1006 1714 1249 1778 Latiosque
1271 1714 1386 1763 tueri

288 1782 423 1833 Voce
446 1783 606 1842 focos3
627 1782 703 1831 ibo
730 1783 785 1831 ad
812 1781 978 1847 Tyrios
998 1799 1092 1831 non
1115 1781 1319 1848 segnior,
1344 1781 1510 1847 inquit,

289 1851 449 1905 Stante
474 1849 564 1899 fide
590 1850 781 1910 reditus,
809 1856 852 1898 &
875 1849 998 1898 salvo
1026 1849 1200 1898 foedere
1224 1865 1387 1912 poenae.

288 1917 365 1966 Sic
387 1917 516 1966 nobis
538 1935 691 1966 rerum
713 1916 849 1966 exitio
874 1916 1059 1965 desistite
1084 1916 1309 1965 honorem

289 1983 521 2034 Tendere.
545 1984 644 2034 Tot
662 1985 793 2033 bellis
806 2023 819 2046 ,
839 1999 994 2049 totque
1020 1983 1144 2033 annis
1165 1982 1386 2050 fregimus
1406 1998 1553 2034 aevum
1571 1999 1586 2030 ε

157 2067 250 2113 4⁷5
293 2051 435 2101 Nunc
456 2052 594 2101 etiam
612 2051 801 2111 vincliS,
820 2057 861 2100 δε
883 2052 1022 2118 longo
1043 2068 1224 2100 carcere
1242 2065 1424 2114 torpent

289 2118 488 2182 Captivo
507 2119 553 2168 in
572 2119 695 2168 senio
714 2119 842 2170 vires.
864 2117 969 2168 Fuit
987 2119 1066 2169 ille
1080 2150 1094 2172 ,
1119 2136 1206 2168 nec
1224 2135 1424 2183 unquam
1440 2157 1456 2180 ,

289 2186 422 2234 Dum
444 2185 530 2234 fuit
548 2225 561 2245 ,
586 2204 612 2234 a
641 2186 755 2234 duro
780 2185 962 2235 cessavit
986 2203 1174 2235 munere
1197 2185 1359 2234 Martis

286 2253 512 2320 Regulus.
535 2251 769 2321 Exsangui
789 2253 990 2316 spectatis
1015 2270 1204 2316 corpore
1226 2269 1411 2301 nomen.

291 2319 359 2367 At
375 2337 467 2367 non
492 2320 726 2387 Carthago
746 2321 960 2369 fraudum
981 2321 1142 2369 domus
1155 2361 1168 2382 ‚
1188 2320 1329 2369 inscia
1346 2316 1566 2384 quantum

157 2392 256 2449 '480
292 2385 362 2434 En
377 2426 390 2446 ‚
413 2387 545 2436 vobis
566 2388 721 2448 restet,
746 2388 935 2452 juvenes
953 2402 1104 2451 parat,
1125 2387 1280 2451 aspera
1298 2387 1420 2436 ferro

292 2452 480 2500 Pectora
495 2492 507 2513 ,
530 2453 732 2516 captivos
753 2456 896 2504 nostra
918 2455 1109 2518 pensare
1133 2453 1326 2504 senecta,

291 2520 362 2567 Ite
383 2519 513 2568 dolos
537 2535 721 2584 contra3
744 2522 943 2590 gensque
971 2523 1062 2571 astu
1086 2522 1248 2572 fallere
1272 2523 1374 2572 laeta

293 2585 457 2635 Discat
472 2627 484 2649 ,
506 2604 584 2635 me
607 2603 740 2651 capto
755 2629 767 2651 ‚
784 2589 1003 2654 quantum
1027 2589 1134 2651 tibi,
1161 2590 1310 2639 Roma
1325 2631 1337 2652 ,
1359 2585 1562 2643 superfit.-

295 2653 404 2703 Nec
422 2654 535 2705 verb
557 2654 765 2717 placeat,
791 2656 871 2704 nifi
891 2675 988 2721 quae
1014 2658 1070 2706 de
1092 2675 1221 2705 more
1242 2654 1483 2721 parentum

165 2725 269 2786 485‘
294 2719 389 2771 Pax
409 2721 510 2776 etit.
533 2721 800 2791 Exposcunt
819 2722 1015 2792 Libyes,
1040 2724 1260 2793 nobisque
1283 2722 1446 2793 dedere
