1627 3056
87 217 194 268 162
405 209 1185 272 'SIL111TAL1c1

213 303 413 355 Biffenos
439 305 535 353 haec
562 306 707 368 prima
731 306 1133 370 dedit-praecedere
1155 311 1298 360 fasces
1314 349 1326 373 ,

217 374 278 422 Et
299 372 443 437 junxit
463 372 654 422 totidem
678 373 812 422 tacito
834 389 1002 423 terrore
1023 376 1199 425 secures
1222 399 1233 426 :

82 446 175 502 485
215 441 331 489 Haec
353 441 463 487 altas
484 440 629 488 eboris
649 440 882 489 decoravit
902 443 1074 490 honore
1097 446 1275 492 curules
1291 484 1304 506 ‚

216 508 274 556 Et
297 507 505 570 princeps
524 507 668 571 Tyrio
690 509 859 556 vestem
879 512 1114 571 praetexuit
1137 514 1265 560 ostro.

215 575 334 623 Haec
353 575 515 622 eadem
537 591 711 642 pugnas
731 577 982 624 accendere
1003 579 1191 639 protulit
1211 597 1314 628 aere.

214 642 304 690 His
330 642 462 690 mixti
499 641 729 705 Nepesina
753 643 914 692 cohors
931 682 942 703 ,
964 644 1171 708 aequique
1192 644 1387 702 Falisci,

216 709 406 774 Quique
432 725 532 756 tuos
548 748 560 769 ‚
583 708 776 757 Flavina
794 748 804 766 ,
829 710 989 772 focos3
1015 711 1196 760 Sabatia
1223 714 1390 777 quique

81 797 179 839 490
214 778 386 843 Stagna
407 791 561 833 tenent
577 816 587 836 ‚
611 776 873 840 Ciminique
893 778 1044 825 lacurn
1065 796 1078 839 3
1101 778 1177 841 qui
1196 779 1343 826 Sutria
1369 782 1482 828 testa

214 843 357 892 Haud
371 844 530 905 procul
543 883 554 903 ,
570 849 611 890 &
630 844 805 891 sacrum
818 843 993 891 Phoebo
1011 845 1192 893 Soratfoe
1209 845 1515 911 frequentant.

216 911 404 973 Spicula
424 910 528 958 bina
550 926 742 976 gerunt3
769 909 904 972 capiti
924 911 1104 958 cudone
1123 911 1271 959 ferino

214 978 293 1026 Sat
313 991 498 1024 cautum
523 997 532 1024 :
561 976 731 1040 Lycios
757 977 975 1025 damnant
1001 978 1229 1026 hastilibus
1252 995 1397 1030 arcuS.

278 1044 366 1091 Hae
394 1044 564 1091 bellare
590 1043 707 1091 acies
728 1042 890 1091 norant
910 1062 923 1106 3
945 1059 988 1092 at
1012 1045 1206 1093 Marlica
1233 1047 1375 1107 pubes

84 1127 176 1172 495
216 1110 275 1159 Et
296 1111 466 1157 bellare
486 1127 623 1158 manu
639 1149 650 1169 ,
670 1116 710 1157 &
732 1110 956 1173 chelydris
978 1125 1160 1159 cantare
1182 1112 1390 1173 soporem
1406 1149 1418 1171 ‚

219 1176 566 1240 Vipereumque
589 1176 739 1224 herbis
764 1176 978 1224 hebetare
998 1183 1039 1225 &
1060 1177 1260 1225 carmine
1288 1178 1490 1228 dentem.

217 1242 362 1291 AEetae
382 1244 559 1307 prolem
581 1243 819 1310 Angitiam
841 1245 961 1291 mala
982 1243 1187 1309 gramina
1208 1244 1406 1307 primam

215 1309 528 1360 Monstraviise
550 1309 734 1370 ferunt,
752 1310 966 1374 tastuque
990 1309 1176 1358 domare
1202 1328 1382 1360 venena
1401 1348 1416 1372 ,

155 1433 159 1436 q
215 1377 275 1425 Et
299 1377 458 1424 lunam
481 1375 710 1424 excuffiffe
735 1376 868 1438 polo,
889 1375 1145 1424 stridoribus
1171 1393 1327 1424 amnes

87 1459 178 1507 500
212 1443 490 1492 Frenantem
507 1482 520 1504 ,
543 1460 598 1491 ac
617 1442 753 1506 sylvis
773 1456 952 1490 montes
972 1441 1154 1491 nudasse
1173 1443 1364 1493 vocatis,

81 1507 83 1510 ’
213 1509 306 1558 Sed
331 1510 513 1574 populis
540 1526 710 1558 nomen
733 1508 883 1572 posuit
906 1509 1179 1558 metuentior
1204 1509 1394 1573 hospes,

217 1578 379 1640 Quum
393 1577 577 1643 fugeret
587 1576 809 1642 Phrygias
823 1589 941 1624 trans
953 1593 1132 1641 aequora
1144 1576 1326 1625 Martia*
1336 1590 1494 1627 crenas
1503 1611 1521 1640 ,

217 1643 526 1710 Mygdoniam
547 1643 710 1691 Phoebi
731 1643 959 1705 superatus
979 1643 1155 1705 pestine
1176 1642 1318 1694 loton.

215 1710 505 1759 Marruvium
522 1746 535 1770 ‚
558 1709 721 1759 veteris
747 1710 1028 1758 celebratum
1044 1709 1230 1758 nomine
1252 1710 1421 1774 Marri,

83 1791 177 1843 ⁴505
218 1776 426 1825 Urbibus
449 1777 508 1824 est
529 1776 616 1824 illis
634 1790 770 1840 caput
786 1815 797 1836 ,
818 1776 1094 1841 interiorque
1116 1794 1197 1839 per
1221 1777 1333 1826 udos

215 1844 340 1892 Alba
364 1843 486 1891 sedet
505 1861 692 1906 campos
708 1882 720 1902 ,
742 1842 978 1907 pomisque
997 1843 1205 1906 rependit
1223 1844 1383 1894 aristas.

219 1912 400 1958 Caetera
417 1910 463 1958 in
485 1911 675 1958 obscuro
696 1910 830 1958 famae
845 1949 857 1971 ,
880 1916 923 1958 &
940 1910 1030 1957 fine
1051 1910 1237 1959 nomine
1251 1949 1264 1972 ,
1287 1911 1418 1979 vulgi

218 1977 311 2024 Sed
333 1995 525 2038 numero
551 1977 733 2026 castella
755 1978 911 2025 valent
932 1997 942 2024 ε
971 1977 1262 2043 conjungitur
1284 1995 1388 2027 acet

218 2043 460 2110 Pelignus,
484 2044 727 2109 gelidoque
748 2043 863 2105 rapit
885 2043 1106 2092 Sulmone
1129 2045 1354 2096 cohorteS.

86 2125 181 2175 510
281 2110 388 2159 Nec
413 2111 533 2159 cedit
554 2112 696 2160 studio
722 2110 948 2159 Sidicinus
972 2110 1189 2177 sanguine
1211 2111 1367 2173 miles,

220 2178 379 2241 Quem
401 2178 601 2244 genuere
622 2177 772 2228 Cales.
802 2177 914 2226 Non
933 2195 1096 2240 parvus
1119 2178 1327 2226 conditor
1347 2177 1448 2226 urbi

220 2243 321 2307 (Ut
335 2245 460 2293 fama
478 2246 564 2302 est)
590 2245 771 2304 Calais,
792 2245 946 2292 Boreae
964 2262 1102 2308 quem
1121 2259 1248 2308 rapta
1267 2262 1348 2309 per
1367 2259 1500 2293 auras

221 2311 444 2375 Orithyia
463 2329 584 2378 vago
607 2311 785 2360 Geticis
808 2312 994 2367 nutrivit
1017 2311 1061 2360 in
1087 2312 1239 2360 antriS.

216 2377 360 2425 Haud
381 2378 475 2426 ullo
502 2377 649 2426 levior
671 2378 805 2426 bellis
827 2378 1014 2428 Vestina
1032 2378 1245 2439 juventus

90 2455 179 2502 515
220 2443 424 2510 Agmina
450 2444 679 2505 densavit‚
700 2459 870 2494 venatu
894 2447 1004 2493 dura
1029 2445 1228 2493 ferarum
1249 2465 1260 2493 τ

222 2510 339 2572 Quae
362 2549 371 2569 ‚
395 2510 592 2558 Fiscelle
608 2550 619 2570 ,
650 2526 746 2559 tuas
771 2529 896 2560 arces
913 2549 929 2570 ,
952 2512 1239 2576 Pinnamque
1267 2509 1517 2572 virentem,

219 2576 481 2640 Pascuaque
506 2577 627 2624 haud
650 2579 775 2625 tarde
794 2578 1028 2627 redeuntia
1054 2579 1210 2627 tondet
1231 2577 1377 2628 Aviae.

219 2642 483 2691 marrucina
507 2644 634 2691 timul
659 2644 892 2693 Frentanis
911 2646 1072 2693 aemula
1095 2648 1236 2708 pubes

219 2708 396 2760 Corfini
420 2713 642 2776 populos,
665 2729 978 2780 magnumque
999 2714 1145 2763 Teate
1171 2711 1404 2763 trahebata
