1627 3056
82 170 191 236 ²270
457 157 1207 220 81L111TAL101

214 251 416 316 Tarpeia
434 289 448 311 ,
472 258 514 301 &
534 252 670 316 pastis
687 253 900 304 reseravit
921 256 1110 304 claustra
1129 257 1323 307 Sabinis.

214 321 357 374 Juxta
378 337 530 368 nonne
552 320 706 369 vides?
734 338 882 386 neque
904 323 1028 370 enim
1050 324 1221 373 leviora
1245 327 1487 375 domantur·

87 393 187 449 845*
216 387 397 436 Dema
412 426 423 446 ,
449 387 616 434 illatrat
636 387 797 452 jejunis
815 389 1022 437 faucibus
1045 390 1244 439 Orthrus
1260 431 1273 455 ‚

215 453 430 503 Armenti
450 454 682 518 quondam
704 457 848 504 custos
865 455 1077 504 immanis
1098 457 1216 505 Iberi
1236 497 1248 519 ,

215 522 276 570 Et
296 520 448 568 morsu
469 521 606 584 petit,
638 527 679 570 &
699 523 921 585 pollutam
946 522 1166 572 eviscerat
1185 542 1353 591 ungue.

218 588 328 636 Nec
352 605 432 649 par
451 606 587 652 poena
607 602 762 638 tamen
786 589 943 638 sceleri
965 610 974 638 :
1000 590 1186 638 sacraria
1209 591 1355 641 Vestae

218 654 390 704 Polluit
408 693 420 714 ‚
446 654 581 703 exuti
604 655 683 703 fibi
705 656 964 721 virginitate
983 696 995 718 ,
1026 657 1250 707 sacerdo&

88 729 181 786 850
282 721 373 769 Sed
394 719 497 769 fatis
516 722 613 770 haeo
633 722 787 770 vidisse
803 762 814 784 ‚
841 722 938 771 satis
959 744 967 771 :
990 740 1101 771 mox
1124 724 1286 772 deinde
1305 723 1478 777 videnti

219 787 364 836 Nunc
386 788 555 837 animas
578 788 659 837 tibi
679 828 692 850 ,
720 807 816 854 quae
838 803 995 854 potant
1018 789 1186 839 oblivia
1211 809 1379 854 paucas

219 857 275 903 In
301 855 393 903 fine
417 874 683 904 enumerare
707 875 814 920 paro
833 896 844 917 ‚
869 863 912 906 &
935 875 1137 906 remeare
1158 858 1369 908 tenebris.

223 922 324 970 Hic
345 922 520 971 Marius
543 957 556 978 ‚
585 940 673 971 neo
699 925 843 972 multa
864 924 957 972 dies
981 925 1072 987 jam
1095 926 1221 973 restat
1242 925 1359 974 ituro

221 988 488 1038 AEtheream
511 990 556 1039 in
577 990 759 1053 lucem,
787 992 942 1039 veniet
964 991 1044 1040 ti'oi
1070 991 1245 1058 origine
1269 992 1407 1055 parva

90 1062 180 1120 855
220 1059 273 1105 In
292 1057 485 1124 longum
505 1057 748 1121 imperium
773 1058 946 1105 Consul
967 1079 977 1107 :
999 1075 1086 1106 nec
1110 1059 1237 1122 Sylla
1258 1057 1425 1109 morari

222 1123 348 1177 Juffa
367 1125 507 1187 potest
525 1158 539 1181 ‚
563 1138 638 1172 aut
658 1142 792 1173 amne
814 1125 888 1172 diu
910 1139 1065 1188 potare
1086 1125 1265 1188 soporo,

223 1192 330 1239 Lux
350 1206 487 1239 vocat
503 1229 514 1251 ‚
543 1198 584 1239 &
605 1191 722 1239 nulli
742 1192 923 1241 Divum
946 1191 1163 1239 mutabile
1185 1192 1348 1241 fatum.

223 1257 477 1320 Imperium
504 1257 579 1306 hie
598 1258 767 1320 primus
788 1258 955 1321 rapiet,
979 1258 1053 1305 sed
1075 1258 1219 1324 gloria
1243 1259 1413 1321 culpae,

227 1324 371 1389 Quod
392 1325 547 1372 reddet
567 1325 685 1372 solus
704 1344 718 1387 3
737 1342 823 1373 nec
841 1363 850 1384 ,
871 1339 995 1372 tanto
1019 1325 1062 1372 in
1088 1325 1274 1374 nomine
1292 1324 1528 1390 quisquam

97 1398 191 1441 860
228 1393 395 1441 Existet
416 1392 552 1455 Syllae
576 1392 714 1456 quise
734 1391 845 1440 velit
863 1390 949 1440 esse
972 1391 1233 1441 secundum.

225 1460 314 1508 Ille
335 1458 449 1506 hirtfi
474 1459 549 1507 cui
567 1458 807 1526 subrigitur
828 1476 962 1507 coma
983 1458 1131 1507 fronte
1151 1498 1162 1518 ‚
1198 1460 1417 1506 decorum

230 1526 292 1574 Et
317 1541 496 1592 gratum
515 1525 641 1574 terris
661 1566 674 1586 ,
707 1543 899 1594 magnus
920 1540 1083 1588 caput:
1111 1526 1188 1573 ine
1210 1525 1368 1574 Deum
1388 1542 1501 1594 gens

230 1593 527 1659 stelligerum
551 1593 774 1641 adtollens
797 1593 976 1656 apicem
998 1593 1227 1656 Troianus
1250 1593 1351 1640 Iulo

230 1660 385 1708 Caesar
401 1679 487 1709 avo
508 1700 520 1720 ,
549 1675 738 1725 quantas
760 1660 928 1720 moles,
951 1677 1093 1723 quum
1108 1699 1118 1715 ,
1142 1659 1244 1707 sede
1263 1658 1437 1708 reclus&
1458 1697 1473 1720 ,

101 1735 193 1790 865
233 1727 373 1776 Hanc
399 1729 587 1776 tandem
605 1742 879 1791 erumpent,
911 1725 1118 1791 terrfique
1140 1726 1343 1790 marique
1366 1743 1534 1776 move-

438 1797 567 1843 bunt.

234 1863 373 1913 Heu!
395 1861 545 1911 miseri
563 1899 576 1924 ,
599 1861 774 1926 quoties
794 1874 889 1909 toto
911 1859 1189 1927 pugnabitur
1211 1861 1348 1908 orbe!

236 1933 345 1982 Nee
362 1929 535 1978 leviora
558 1933 656 1977 lues
675 1927 812 1993 quixm
830 1927 957 1977 viffls
980 1925 1170 1976 crimina
1190 1926 1347 1976 vietor.
1550 1992 1553 1994 -

304 1997 433 2045 Tum
455 1997 630 2061 juvenis
647 1997 903 2060 lacrymans
920 2034 932 2055 ,
953 1995 1113 2042 restare
1134 1993 1230 2042 haec
1252 1993 1407 2043 ordine
1427 1991 1539 2043 duro

241 2065 497 2113 Lamentor
515 2067 649 2112 rebus
668 2064 811 2113 Latiis
833 2083 843 2111 ε
876 2061 952 2110 sed
973 2062 1076 2109 luce
1099 2060 1277 2109 remotx'ae'.

109 2143 203 2196 870
240 2133 286 2181 Si
310 2133 437 2181 nulla
458 2133 517 2180 est
538 2131 672 2180 venia
692 2169 704 2191 ‚
738 2137 778 2179 &
803 2128 968 2178 merito
987 2146 1107 2176 mors
1126 2126 1220 2190 ipsa
1240 2128 1440 2187 laborat,

240 2198 446 2249 Perfidiae
468 2200 636 2247 Poenus
661 2197 821 2262 quibus
843 2211 918 2244 aut
936 2192 1245 2262 Phlegetontis
1268 2194 1312 2242 in
1332 2195 1465 2244 undis

244 2268 419 2317 Exuret
443 2267 600 2315 ἀυᾶοι·
620 2266 793 2313 scelus?
817 2278 893 2312 aut
914 2281 1010 2328 quae
1029 2263 1165 2329 digna
1186 2275 1366 2311 renatos

246 2335 359 2383 Ales
377 2333 423 2381 in
447 2348 662 2382 arternum
686 2331 871 2381 laniabit
889 2329 1105 2379 morsibus
1127 2340 1266 2376 artus?

248 2400 327 2448 Ne
346 2414 494 2449 metue
514 2440 526 2459 ‚
548 2400 775 2448 exclamat
791 2414 915 2447 vates
932 2437 943 2459 ‚
968 2415 1058 2445 non
1080 2396 1171 2446 vita
1194 2395 1401 2458 sequetur

120 2477 207 2529 875
247 2467 472 2516 Inviolata
493 2467 641 2515 virum
664 2506 675 2526 ‚
709 2465 857 2514 Patri&
885 2482 978 2514 non
1004 2461 1092 2511 offa
1115 2463 1362 2528 quiescent.

245 2534 482 2598 Namque,
497 2533 574 2580 ubi
586 2533 750 2581 fraStus
763 2550 921 2596 opum,
939 2548 1114 2597 magnae
1130 2529 1374 2578 certamine
1385 2536 1547 2595 pugnae

250 2601 489 2650 Pet-tulerit
508 2599 630 2648 vinci
646 2639 658 2660 ‚
680 2615 952 2663 turpemque
973 2615 1099 2646 orare
1120 2597 1328 2653 salutem,

250 2669 421 2720 Rursus
441 2667 562 2720 bella
583 2667 710 2719 volet
732 2665 971 2717 Macetum
1000 2665 1239 2714 instaurare
1265 2663 1341 2711 sub
1365 2660 1513 2711 armis,
