1653 3056
389 144 1020 217 L12ERV11.
1344 155 1481 216 139·

122 264 206 318 Ast
228 262 344 311 alius
366 257 501 308 nivea
526 255 743 305 comebat
763 249 913 297 fronte
935 242 1128 308 capillos

123 336 381 396 Purpureos
397 368 409 390 ‚
431 325 546 374 alius
567 322 702 373 vestis
726 317 951 383 religabat
974 311 1194 360 amiRum
1213 348 1226 370 ‚

126 405 291 466 Quum
317 396 376 446 fic
400 392 627 458 suspirans
651 387 780 437 roseo
805 383 970 434 Venus
996 396 1073 427 ore
1095 378 1291 425 decoros

126 465 396 532 Alloquitur
417 476 547 511 natos
567 479 582 523 3
603 454 752 505 Testis
774 447 1019 501 eertiffima
1040 446 1196 496 vestrae

0 558 93 605 450
129 537 258 588 Ecce
285 527 581 595 diespietatis
607 523 727 573 adest
749 532 759 571 ¹.
788 519 886 585 quis
908 515 1095 566 credere
1116 510 1253 560 salvis

0 608 6 614 ’
130 605 244 656 Hoc
268 601 378 651 ausit
399 597 530 649 vobis
550 608 564 643 ?
591 594 647 642 de
671 588 825 642 form&
851 599 986 649 atque
1014 600 1092 630 ote
1118 577 1262 644 (quid
1285 576 1404 625 ultra

132 674 244 728 Jam
264 669 460 734 superest
486 681 638 713 rerum
658 659 670 708 !
693 665 711 721 )
735 668 878 707 certat
900 652 1077 704 Venus.
1101 646 1284 697 Omnia
1305 641 1459 709 parvis

135 743 188 791 Si
208 756 312 789 mea
332 737 426 786 tela
453 731 559 782 dedi
581 727 752 778 blando
782 723 1012 772 medicata
1035 731 1220 768 veneno
1239 753 1253 777 ‚

138 809 188 858 Si
214 808 383 866 vester,
406 802 527 852 coelo
550 816 605 847 ac
626 793 756 845 terris
779 791 859 857 qui
878 788 1053 839 foedera
1075 782 1247 843 sancit,

3 893 66 950 ’ᾗς
79 892 98 938 ς
139 878 236 928 Stat
259 873 453 937 supplex
469 910 482 932 ,
502 885 647 934 quum
671 860 808 912 vultis
826 899 837 920 ‚
866 873 978 907 avus
998 894 1011 917 ,
1033 851 1225 902 vifioria
1251 848 1403 897 nostra

142 946 336 1009 Cypron
362 940 586 988 Idumaeas
608 931 776 982 referat
799 928 855 976 de
880 921 1070 974 Pallade
1099 919 1305 982 palma53

142 1014 221 1064 De
249 1009 434 1063 Junone
454 1004 637 1068 Paphos
664 1011 851 1049 centum
875 990 988 1041 mihi
1019 989 1170 1037 fumet
1191 985 1238 1034 in
1259 983 1362 1033 atis.

209 1079 434 1140 Dumque
451 1073 550 1121 haec
573 1066 754 1134 aligeris
772 1064 902 1113 instat
920 1056 1156 1122 Cytherea
1170 1093 1182 1114 ,
1205 1053 1395 1100 sonabat

0 1203 14 1211 a
145 1148 310 1198 Omne
333 1158 497 1192 nemus
523 1137 758 1205 gradiente
780 1128 904 1181 Dea.
929 1127 1038 1181 Jam
1060 1121 1230 1171 bellica
1253 1118 1384 1186 virgo
1403 1157 1416 1180 ,

14 1222 112 1285 „4⁶0
149 1212 318 1281 AEgide
345 1207 573 1273 deposita,
596 1220 733 1268 atque
758 1198 980 1248 assuetum
1006 1189 1169 1241 caffide
1195 1187 1373 1236 crinem

153 1279 341 1332 Involvi
371 1292 471 1325 tum
496 1287 651 1323 comta
671 1283 853 1327 tamen,
875 1275 1134 1327 pacemque
1160 1254 1330 1304 serenis

154 1344 443 1397 Condiscens
461 1338 632 1397 oculis,
656 1334 997 1396 ibat31ueoque
1020 1326 1200 1375 ferebat

152 1413 371 1465 Praedisto
403 1411 536 1459 sacrae
561 1402 749 1470 vestigia
777 1397 957 1448 concita
983 1394 1167 1458 plantae.

156 1483 292 1531 Parte
315 1476 403 1527 alia
426 1475 623 1525 intrabat
642 1468 765 1535 jussis
790 1462 1000 1514 Saturnia
1024 1458 1160 1524 sylvis
1176 1496 1188 1518 ‚

23 1554 119 1617 [465
159 1547 398 1603 judicium
419 1538 615 1606 Phrygis
629 1577 642 1597 ‚
666 1542 708 1585 &
727 1534 863 1584 fastus
884 1527 1067 1594 pastoris
1083 1565 1097 1586 ,
1121 1531 1163 1574 &
1185 1523 1298 1572 Iden
1314 1559 1332 1584 ,

92 1659 96 1667 .
158 1614 262 1667 Post
281 1610 431 1661 fratris
456 1609 604 1656 latura
623 1619 746 1652 toros
770 1621 780 1648 :
802 1599 1025 1663 postrema
1047 1591 1211 1640 nitenti

162 1678 367 1733 Adfulfit
388 1675 522 1727 vultu
547 1671 698 1720 ridens
715 1667 895 1717 VenuS.
916 1659 1096 1711 Omnia
1119 1658 1240 1707 circa

161 1750 224 1800 Et
244 1759 436 1796 nemora
450 1783 462 1804 ‚
484 1746 527 1790 &
548 1736 727 1802 penitus
748 1730 970 1783 frondosis
991 1727 1183 1791 rupibus
1206 1735 1335 1771 antra

161 1814 424 1879 spirantem
445 1808 570 1857 sacro
597 1815 832 1854 traxerunt
850 1796 1023 1848 vertice
1044 1793 1250 1842 odorem.

32 1895 130 1946 '470
166 1885 275 1935 Nee
297 1878 437 1945 judex
458 1871 615 1924 sediffe
634 1871 791 1932 valet3
815 1865 1006 1929 fessique
1029 1860 1186 1911 nitoris

166 1952 302 2002 Luce
326 1944 497 1995 cadunt
518 1938 674 2001 oculi3
697 1954 752 1986 ac
780 1933 945 1983 metuit
966 1926 1184 1979 dubitasse
1205 1922 1373 1975 videri.

235 2014 328 2065 Sed
347 2012 474 2063 vielae
495 2008 595 2058 fera
620 2005 744 2054 bella
764 2003 879 2051 Deae
899 1997 1071 2050 vexere
1095 2013 1177 2059 per
1202 2009 1386 2057 aequor,

172 2084 332 2148 Atque
356 2077 508 2129 excisa
530 2076 608 2124 suo
633 2072 802 2137 pariter
826 2086 934 2118 cum
955 2064 1108 2132 judice
1130 2059 1278 2124 Troja
1301 2059 1379 2108 eli.

173 2151 307 2200 Tum
334 2148 434 2212 pius
454 2142 625 2194 AEneas
653 2137 780 2187 terris
807 2137 992 2194 {astatus
1014 2137 1057 2180 &
1082 2127 1215 2178 undis
1237 2164 1251 2188 ‚

43 2232 135 2280 2475
174 2215 437 2269 Dardanios
461 2210 579 2262 Itala
599 2206 751 2272 posuit
773 2203 935 2253 tellure
958 2211 1162 2263 penates,

178 2289 314 2336 Dum
340 2296 440 2330 cete
463 2291 606 2342 ponto
629 2274 878 2332 innabunt,
903 2269 1014 2317 dum
1040 2264 1181 2312 fidera
1200 2258 1322 2308 coelo

179 2353 432 2403 Lucebunt
450 2388 462 2409 ,
485 2346 596 2394 dum
619 2342 687 2390 sol
711 2340 827 2390 Indo
850 2338 894 2387 se
915 2335 1047 2384 litore
1068 2330 1199 2379 tollet
1215 2367 1229 2390 ‚

181 2421 284 2469 Hic
304 2433 475 2485 tegna,
498 2418 538 2461 &
563 2411 697 2459 nullae
720 2405 871 2475 regnis
895 2410 979 2469 per
1002 2399 1157 2449 secula
1180 2407 1332 2443 metae.

186 2488 252 2535 At
276 2502 356 2533 vos
372 2522 385 2544 ‚
407 2500 434 2530 o
460 2492 600 2539 natae,
626 2475 765 2526 currit
790 2474 897 2523 dum
920 2465 1160 2519 immobile
1193 2462 1327 2531 filum
1347 2500 1362 2524 ,

54 2559 152 2616 480
190 2550 383 2602 Adriaei
406 2547 550 2615 fugite
571 2544 780 2594 infaustas
809 2538 989 2590 Sasonis
1014 2550 1206 2584 arenas:

191 2616 463 2683 Sanguineis
486 2612 683 2663 tumidus
706 2623 847 2675 ponto
872 2602 1137 2656 miscebitur
1161 2595 1294 2646 undis

192 2686 410 2750 Aufidus,
436 2689 479 2735 δι
501 2683 662 2736 rubros
685 2677 895 2748 impellet
915 2675 962 2727 in
984 2684 1166 2740 aequora
1190 2665 1348 2716 fluetus
1371 2682 1388 2712 2
