1653 3056
239 195 344 243 100

232 564 324 613 530

230 901 317 950 535

226 1209 318 1285 540

217 1573 313 1621 ⁴545

214 1910 316 1961 ‚550

222 2248 310 2300 555

223 2574 314 2631 560

591 181 1336 245 81L111TAL101

366 276 559 331 Labitur
576 278 736 330 infelix
754 319 766 341 ,
788 294 919 346 atque
944 283 1112 346 oppetit
1133 301 1209 331 ore
1231 297 1419 333 cruento

363 345 609 398 Tellurem
629 347 855 409 exspirans
873 369 882 396 :
902 363 999 397 tum
1014 388 1026 409 ‚
1056 350 1334 401 diffundente
1356 370 1439 416 per
1459 357 1578 401 artus

364 412 556 480 Frigore
578 413 621 461 se
642 413 825 482 Stygio,
849 431 1109 464 manantem
1127 418 1172 465 in
1198 418 1368 467 viscera
1386 435 1583 469 mortem

360 480 574 543 Accipit,
593 487 633 529 ὃ(
656 481 797 549 longo
821 483 1056 545 componit
1079 485 1255 534 lumina
1272 485 1447 536 somno,

427 547 583 612 Atque
605 566 658 596 ea
679 548 791 597 dum
815 549 948 600 variis
970 551 1216 613 permixtus
1242 551 1375 600 tristia
1397 552 1587 604 Mavors

362 613 552 663 Casibus
575 616 764 664 alternat
779 656 788 674 ‚
809 617 903 682 jam
924 618 1071 666 castris
1090 618 1234 685 Mago
1257 620 1418 668 reliftis
1435 657 1450 681 ‚

360 682 470 739 Jam
491 682 649 747 Libyae
670 684 826 732 duitor
845 685 1131 747 properantia
1150 686 1272 753 figna
1293 686 1428 734 citato

359 750 617 811 Raptabant
638 750 768 800 cursu
782 788 797 810 ,
819 756 860 798 &
881 749 1038 798 cessata
1057 770 1280 814 reponere
1301 755 1498 800 avebant

358 816 596 880 Tempora
621 818 741 867 caede
760 816 909 866 virum
929 857 941 878 ,
964 835 1018 866 ac
1040 818 1186 866 multo
1210 818 1399 881 pensare
1419 836 1594 870 cruore.

358 886 399 933 It
420 884 583 950 globus
604 883 866 949 intorquens
887 884 1280 951 nigranfl'rurbine
1302 890 1476 936 nubem

357 951 564 1001 Pulveris
578 986 590 1008 ,
613 956 654 999 8<
673 952 811 1019 surgit
830 952 1010 1000 sublatis
1031 970 1220 1017 campus
1239 953 1384 1001 arenis
1406 974 1417 1002 ε

359 1019 560 1084 Quaque
578 1018 727 1067 ferens
749 1019 945 1086 gressum
972 1019 1107 1068 flcfflt
1125 1019 1308 1088 vestigia
1329 1020 1485 1070 duStor

357 1086 571 1135 Undanti
589 1086 766 1136 circum
784 1086 1019 1150 tempestas
1041 1089 1136 1136 afta
1159 1088 1360 1150 procella

358 1152 605 1216 Volvitur,
633 1168 769 1219 atque
790 1155 903 1203 altos
930 1154 1073 1218 operit
1093 1154 1289 1221 caligine
1310 1152 1504 1204 montes.v

355 1220 639 1270 Occubuere
659 1222 810 1272 femur
831 1220 1063 1270 Fontanus
1082 1260 1094 1282 ‚
1114 1223 1228 1270 Buta
1255 1240 1476 1271 canorum

356 1288 587 1337 Transfixi
609 1303 788 1355 guttur,
810 1287 1044 1352 pressoque
1066 1306 1091 1336 e
1114 1289 1304 1338 vulnere
1325 1289 1472 1351 cuspis

355 1356 590 1417 Prospexit
610 1370 751 1422 terga.
774 1355 918 1403 Hunc
939 1356 1078 1403 tristes
1097 1353 1255 1404 luxere
1273 1355 1497 1422 Fregellae

353 1422 668 1486 Multiplicem
695 1421 874 1486 proavis
889 1461 901 1484 ,
923 1422 1047 1471 hunc
1067 1437 1213 1471 mater
1234 1423 1445 1490 Anagnia
1468 1421 1609 1473 flevit·

421 1489 561 1538 Haud
587 1489 734 1554 dispar
756 1491 937 1539 fortuna
958 1490 1041 1538 tibi
1064 1531 1076 1550 ‚
1099 1489 1317 1552 Laevine3
1343 1490 1418 1538 sed
1439 1490 1545 1538 auso

353 1558 464 1606 Non
485 1558 647 1606 eadem
671 1577 682 1606 z
704 1575 854 1621 neque
873 1558 996 1606 enim
1017 1556 1163 1621 Tyrio
1184 1573 1458 1605 concurrere
1478 1555 1580 1623 regi

355 1625 532 1674 Tentas
546 1661 560 1681 ,
579 1625 654 1673 sed
678 1625 819 1672 letius
839 1641 919 1686 par
939 1624 993 1671 ad
1015 1638 1247 1672 certamen
1268 1623 1481 1671 Ithemon

352 1692 628 1741 Autololum
654 1692 914 1741 moderator
934 1705 1029 1739 erat
1045 1729 1058 1751 ,
1078 1708 1218 1755 quem
1241 1689 1411 1753 poplite
1435 1688 1548 1738 caetb

352 1760 485 1809 Dum
510 1759 674 1823 spolias
689 1799 700 1821 ,
723 1760 872 1825 gravis
892 1758 1058 1807 immiti
1079 1776 1188 1807 eum
1209 1757 1389 1806 turbine
1409 1759 1549 1806 costas

351 1827 574 1879 Fraxinus
595 1827 780 1888 irrupit,
804 1826 1093 1890 collapsaque
1114 1827 1324 1874 membra
1345 1824 1423 1873 sub
1445 1823 1534 1873 istu

352 1895 497 1944 Hoste
519 1895 653 1957 super
676 1893 775 1943 fuso
801 1893 939 1942 {ubit-21
963 1892 1170 1941 cecidere
1191 1891 1332 1940 ruina.

419 1962 470 2009 N
475 1979 528 2010 ec
546 1961 745 2010 Sidicina
765 1961 927 2009 cohors
951 1960 1078 2009 defit.
1099 1959 1347 2009 Viridafius
1369 1972 1511 2007 armat

347 2029 488 2080 ‚Mille
509 2030 651 2090 virOS,
673 2028 789 2077 nulli
814 2028 958 2077 vic-tus
981 2029 1058 2078 vel
1084 2044 1253 2091 ponere
1275 2026 1412 2074 castra
1427 2066 1440 2086 ,

350 2097 447 2145 Vel
470 2096 656 2159 junxiffe
679 2110 821 2145 ratem
839 2135 850 2155 ,
874 2096 1076 2160 duroque
1097 2094 1323 2143 resolvere
1344 2110 1501 2141 muros

348 2164 508 2212 Ariete
524 2204 537 2225 ‚
557 2170 598 2212 &
621 2163 664 2212 in
689 2163 847 2212 turrim
873 2163 1040 2211 subitos
1059 2161 1303 2210 immittere
1327 2175 1505 2222 pontes,

348 2232 509 2295 Quem
530 2232 764 2296 postquam
781 2229 938 2295 Libyae
961 2230 1117 2279 (1υᾶοτ
1136 2228 1301 2278 virtute
1319 2226 1465 2275 feroci

351 2299 590 2347 Exsultare
612 2299 737 2348 videt
759 2302 778 2357 (
795 2314 994 2361 namque
1017 2297 1084 2345 illi
1107 2296 1296 2345 vulnere
1320 2311 1521 2358 praeceps

349 2365 508 2432 Terga
530 2365 664 2414 dabat
684 2365 863 2413 levibus
886 2364 1051 2413 diffisus
1076 2362 1317 2412 Arauricus
1338 2361 1503 2422 armis)

347 2431 520 2481 Acrius
544 2433 634 2480 hoc
655 2431 849 2494 pulchro
875 2432 1088 2480 Mavorte
1107 2430 1323 2479 accensus
1344 2429 1391 2478 in
1412 2428 1556 2490 iram,

347 2500 407 2549 Et
434 2499 624 2566 dignum
649 2498 742 2547 sese
769 2514 893 2547 ratus
919 2499 964 2547 in
990 2498 1239 2548 certamine
1267 2497 1383 2547 [bevo

352 2566 622 2616 Comminus
647 2566 708 2615 ire
732 2565 830 2613 viro
854 2603 870 2624 ,
892 2566 1093 2615 referens
1120 2585 1144 2615 e
1170 2583 1360 2628 corpore
1381 2562 1527 2613 telum

349 2634 582 2691 Advolat,
602 2638 644 2682 δι
666 2632 843 2682 fodiens
870 2635 1049 2695 ρεᾶυες
1068 2631 1290 2685 laudande
1311 2632 1549 2691 laborum,

350 2700 567 2773 Quisquis
588 2719 633 2753 es
648 2741 661 2765 ‚
686 2699 807 2756 haud,
830 2699 915 2754 alia
937 2700 1089 2754 decuit
1108 2717 1152 2754 te
1178 2701 1454 2773 occumbere
1476 2696 1649 2750 dextra.
