<?xml version="1.0" encoding="UTF-8"?>
<!DOCTYPE html PUBLIC "-//W3C//DTD XHTML 1.0 Transitional//EN"
    "http://www.w3.org/TR/xhtml1/DTD/xhtml1-transitional.dtd">
<html xmlns="http://www.w3.org/1999/xhtml" xml:lang="en" lang="en">
 <head>
  <title>
</title>
<meta http-equiv="Content-Type" content="text/html;charset=utf-8" />
  <meta name='ocr-system' content='tesseract 3.04.00' />
  <meta name='ocr-capabilities' content='ocr_page ocr_carea ocr_par ocr_line ocrx_word'/>
</head>
<body>
  <div class='ocr_page' id='page_1' title='image "./csiliiitalicideb00sili_0466.png"; bbox 0 0 1627 3056; ppageno 0'>
   <div class='ocr_carea' id='block_1_1' title="bbox 268 174 1056 224">
    <p class='ocr_par' dir='ltr' id='par_1_1' title="bbox 268 174 1056 224">
     <span class='ocr_line' id='line_1_1' title="bbox 268 174 1056 224; baseline -0.001 -8"><span class='ocrx_word' id='word_1_1' title='bbox 268 182 323 224; x_wconf 74' lang='lat'><strong>96</strong></span> <span class='ocrx_word' id='word_1_2' title='bbox 821 174 1056 215; x_wconf 77' lang='lat' dir='ltr'>NOTAE</span> 
     </span>
    </p>
   </div>
   <div class='ocr_carea' id='block_1_2' title="bbox 271 237 1595 2737">
    <p class='ocr_par' dir='ltr' id='par_1_2' title="bbox 271 237 1572 347">
     <span class='ocr_line' id='line_1_2' title="bbox 271 237 1572 298; baseline 0.002 -15"><span class='ocrx_word' id='word_1_3' title='bbox 271 244 354 283; x_wconf 77' lang='lat' dir='ltr'><strong>fine</strong></span> <span class='ocrx_word' id='word_1_4' title='bbox 382 238 484 280; x_wconf 58' lang='lat' dir='ltr'><strong>falsis</strong></span> <span class='ocrx_word' id='word_1_5' title='bbox 508 237 682 279; x_wconf 81' lang='lat' dir='ltr'><strong>versibus</strong></span> <span class='ocrx_word' id='word_1_6' title='bbox 706 238 908 280; x_wconf 80' lang='lat' dir='ltr'>Nicandri</span> <span class='ocrx_word' id='word_1_7' title='bbox 940 255 1040 294; x_wconf 87' lang='lat' dir='ltr'><strong>quos</strong></span> <span class='ocrx_word' id='word_1_8' title='bbox 1067 241 1160 283; x_wconf 87' lang='lat' dir='ltr'><strong>vide</strong></span> <span class='ocrx_word' id='word_1_9' title='bbox 1184 241 1226 282; x_wconf 87' lang='lat' dir='ltr'><strong>in</strong></span> <span class='ocrx_word' id='word_1_10' title='bbox 1254 243 1426 298; x_wconf 80' lang='lat' dir='ltr'><strong>vulgatis</strong></span> <span class='ocrx_word' id='word_1_11' title='bbox 1442 274 1452 292; x_wconf 91' lang='lat'>‚</span> <span class='ocrx_word' id='word_1_12' title='bbox 1478 253 1572 287; x_wconf 77' lang='lat' dir='ltr'><strong>ante</strong></span> 
     </span>
     <span class='ocr_line' id='line_1_3' title="bbox 273 293 1050 347; baseline -0.003 -11"><span class='ocrx_word' id='word_1_13' title='bbox 273 311 312 338; x_wconf 88' lang='lat' dir='ltr'><strong>v.</strong></span> <span class='ocrx_word' id='word_1_14' title='bbox 345 309 434 341; x_wconf 84' lang='lat'><strong>232.</strong></span> <span class='ocrx_word' id='word_1_15' title='bbox 458 293 623 340; x_wconf 72' lang='lat' dir='ltr'><strong>illatus,</strong></span> <span class='ocrx_word' id='word_1_16' title='bbox 656 297 732 333; x_wconf 54' lang='lat' dir='ltr'><strong>&amp;cu</strong></span> <span class='ocrx_word' id='word_1_17' title='bbox 758 294 806 333; x_wconf 84' lang='lat' dir='ltr'>In</span> <span class='ocrx_word' id='word_1_18' title='bbox 824 294 934 347; x_wconf 81' lang='lat' dir='ltr'><strong>vulg.</strong></span> <span class='ocrx_word' id='word_1_19' title='bbox 961 310 1050 344; x_wconf 84' lang='lat'><strong>243.</strong></span> 
     </span>
    </p>

    <p class='ocr_par' dir='ltr' id='par_1_3' title="bbox 327 348 1339 396">
     <span class='ocr_line' id='line_1_4' title="bbox 327 348 1339 396; baseline 0.004 -7"><span class='ocrx_word' id='word_1_20' title='bbox 327 365 373 396; x_wconf 82' lang='lat'><strong>25</strong></span> <span class='ocrx_word' id='word_1_21' title='bbox 386 365 419 388; x_wconf 82' lang='lat'><strong>2.</strong></span> <span class='ocrx_word' id='word_1_22' title='bbox 443 349 510 388; x_wconf 80' lang='lat' dir='ltr'><strong>En</strong></span> <span class='ocrx_word' id='word_1_23' title='bbox 539 353 691 388; x_wconf 82' lang='lat' dir='ltr'><strong>dextra.</strong></span> <span class='ocrx_word' id='word_1_24' title='bbox 721 348 825 388; x_wconf 87' lang='lat' dir='ltr'>Vide</span> <span class='ocrx_word' id='word_1_25' title='bbox 849 350 953 389; x_wconf 83' lang='lat' dir='ltr'><strong>Livi.</strong></span> <span class='ocrx_word' id='word_1_26' title='bbox 974 350 1126 389; x_wconf 82' lang='lat' dir='ltr'><strong>XXffl.</strong></span> <span class='ocrx_word' id='word_1_27' title='bbox 1155 365 1188 392; x_wconf 92' lang='lat' dir='ltr'><strong>c.</strong></span> <span class='ocrx_word' id='word_1_28' title='bbox 1222 367 1280 392; x_wconf 73' lang='grc' dir='ltr'><strong><em>ιο.</em></strong></span> <span class='ocrx_word' id='word_1_29' title='bbox 1335 357 1339 362; x_wconf 87' lang='grc'><em>“</em></span> 
     </span>
    </p>

    <p class='ocr_par' dir='ltr' id='par_1_4' title="bbox 272 402 1569 510">
     <span class='ocr_line' id='line_1_5' title="bbox 332 402 1569 459; baseline 0.006 -17"><span class='ocrx_word' id='word_1_30' title='bbox 332 419 422 453; x_wconf 80' lang='lat'><strong>253.</strong></span> <span class='ocrx_word' id='word_1_31' title='bbox 465 402 627 442; x_wconf 81' lang='lat' dir='ltr'><strong>Intrati.</strong></span> <span class='ocrx_word' id='word_1_32' title='bbox 666 404 807 457; x_wconf 71' lang='lat' dir='ltr'><strong>Sc‘ripti</strong></span> <span class='ocrx_word' id='word_1_33' title='bbox 848 417 990 443; x_wconf 83' lang='lat' dir='ltr'><strong>omnes</strong></span> <span class='ocrx_word' id='word_1_34' title='bbox 1027 435 1036 449; x_wconf 91' lang='lat'><em>,</em></span> <span class='ocrx_word' id='word_1_35' title='bbox 1081 406 1129 444; x_wconf 83' lang='lat' dir='ltr'><strong>R.</strong></span> <span class='ocrx_word' id='word_1_36' title='bbox 1154 420 1188 445; x_wconf 86' lang='lat'><strong>1.</strong></span> <span class='ocrx_word' id='word_1_37' title='bbox 1214 421 1249 445; x_wconf 84' lang='lat'><strong>2.</strong></span> <span class='ocrx_word' id='word_1_38' title='bbox 1275 411 1313 447; x_wconf 73' lang='grc' dir='ltr'><strong>ὃ(</strong></span> <span class='ocrx_word' id='word_1_39' title='bbox 1339 407 1484 459; x_wconf 85' lang='lat' dir='ltr'><strong>plures.</strong></span> <span class='ocrx_word' id='word_1_40' title='bbox 1527 407 1569 449; x_wconf 87' lang='lat' dir='ltr'><strong>A</strong></span> 
     </span>
     <span class='ocr_line' id='line_1_6' title="bbox 272 457 1524 510; baseline 0.001 -10"><span class='ocrx_word' id='word_1_41' title='bbox 272 462 407 500; x_wconf 72' lang='lat' dir='ltr'><strong>Marso</strong></span> <span class='ocrx_word' id='word_1_42' title='bbox 431 457 608 497; x_wconf 72' lang='lat' dir='ltr'><em>intranti.</em></span> <span class='ocrx_word' id='word_1_43' title='bbox 638 458 820 497; x_wconf 85' lang='lat' dir='ltr'><strong>Habetur</strong></span> <span class='ocrx_word' id='word_1_44' title='bbox 843 458 990 498; x_wconf 79' lang='lat' dir='ltr'><strong>intrata</strong></span> <span class='ocrx_word' id='word_1_45' title='bbox 1010 459 1230 510; x_wconf 76' lang='lat' dir='ltr'><em>sacerdos,</em></span> <span class='ocrx_word' id='word_1_46' title='bbox 1261 462 1289 500; x_wconf 93' lang='lat' dir='ltr'><strong>l.</strong></span> <span class='ocrx_word' id='word_1_47' title='bbox 1315 461 1408 499; x_wconf 86' lang='lat' dir='ltr'><strong>XII.</strong></span> <span class='ocrx_word' id='word_1_48' title='bbox 1432 475 1524 506; x_wconf 83' lang='lat'><strong>323.</strong></span> 
     </span>
    </p>

    <p class='ocr_par' dir='ltr' id='par_1_5' title="bbox 272 510 1575 663">
     <span class='ocr_line' id='line_1_7' title="bbox 330 510 1575 565; baseline 0.002 -13"><span class='ocrx_word' id='word_1_49' title='bbox 330 528 374 563; x_wconf 83' lang='lat'><strong>25</strong></span> <span class='ocrx_word' id='word_1_50' title='bbox 391 527 422 562; x_wconf 88' lang='lat'><strong>5.</strong></span> <span class='ocrx_word' id='word_1_51' title='bbox 464 510 576 551; x_wconf 70' lang='lat' dir='ltr'><strong>Mihi</strong></span> <span class='ocrx_word' id='word_1_52' title='bbox 599 534 639 542; x_wconf 89' lang='lat'><strong>-—</strong></span> <span class='ocrx_word' id='word_1_53' title='bbox 655 513 729 563; x_wconf 84' lang='lat' dir='ltr'><strong>sub</strong></span> <span class='ocrx_word' id='word_1_54' title='bbox 766 513 913 552; x_wconf 80' lang='lat' dir='ltr'><strong>umbris</strong></span> <span class='ocrx_word' id='word_1_55' title='bbox 937 530 948 551; x_wconf 92' lang='lat'><strong>.·</strong></span> <span class='ocrx_word' id='word_1_56' title='bbox 978 526 1123 564; x_wconf 82' lang='lat' dir='ltr'><strong>nempe</strong></span> <span class='ocrx_word' id='word_1_57' title='bbox 1149 515 1347 565; x_wconf 76' lang='lat' dir='ltr'><strong>versanti,</strong></span> <span class='ocrx_word' id='word_1_58' title='bbox 1379 515 1481 555; x_wconf 83' lang='lat' dir='ltr'><strong>feret</strong></span> <span class='ocrx_word' id='word_1_59' title='bbox 1513 515 1575 554; x_wconf 83' lang='lat' dir='ltr'><strong>fa-</strong></span> 
     </span>
     <span class='ocr_line' id='line_1_8' title="bbox 272 567 1573 621; baseline 0.002 -14"><span class='ocrx_word' id='word_1_60' title='bbox 272 581 369 614; x_wconf 83' lang='lat' dir='ltr'><strong>ma,</strong></span> <span class='ocrx_word' id='word_1_61' title='bbox 405 570 479 606; x_wconf 84' lang='lat' dir='ltr'><strong>&amp;c.</strong></span> <span class='ocrx_word' id='word_1_62' title='bbox 515 567 578 606; x_wconf 88' lang='lat' dir='ltr'><strong>Sic</strong></span> <span class='ocrx_word' id='word_1_63' title='bbox 603 579 745 607; x_wconf 84' lang='lat' dir='ltr'><strong>omnes</strong></span> <span class='ocrx_word' id='word_1_64' title='bbox 771 567 927 619; x_wconf 84' lang='lat' dir='ltr'><strong>antiqui</strong></span> <span class='ocrx_word' id='word_1_65' title='bbox 957 598 969 614; x_wconf 86' lang='lat'>,</span> <span class='ocrx_word' id='word_1_66' title='bbox 1009 567 1082 604; x_wconf 84' lang='lat' dir='ltr'><strong>nifi</strong></span> <span class='ocrx_word' id='word_1_67' title='bbox 1110 581 1144 607; x_wconf 90' lang='lat' dir='ltr'><strong>c.</strong></span> <span class='ocrx_word' id='word_1_68' title='bbox 1178 568 1275 608; x_wconf 83' lang='lat' dir='ltr'><strong>Col.</strong></span> <span class='ocrx_word' id='word_1_69' title='bbox 1296 570 1369 621; x_wconf 80' lang='lat' dir='ltr'><strong>sub</strong></span> <span class='ocrx_word' id='word_1_70' title='bbox 1403 572 1573 609; x_wconf 75' lang='lat' dir='ltr'><strong>umbras-</strong></span> 
     </span>
     <span class='ocr_line' id='line_1_9' title="bbox 273 623 506 663; baseline -0.009 -3"><span class='ocrx_word' id='word_1_71' title='bbox 273 623 348 663; x_wconf 49' lang='lat' dir='ltr'><strong>{dil</strong></span> <span class='ocrx_word' id='word_1_72' title='bbox 377 633 506 659; x_wconf 71' lang='lat' dir='ltr'><strong>niuto.</strong></span> 
     </span>
    </p>

    <p class='ocr_par' dir='ltr' id='par_1_6' title="bbox 327 672 1173 727">
     <span class='ocr_line' id='line_1_10' title="bbox 327 672 1173 727; baseline -0.001 -12"><span class='ocrx_word' id='word_1_73' title='bbox 327 689 419 725; x_wconf 84' lang='lat'><strong>257.</strong></span> <span class='ocrx_word' id='word_1_74' title='bbox 449 672 691 714; x_wconf 78' lang='lat' dir='ltr'><strong>obnubitur.</strong></span> <span class='ocrx_word' id='word_1_75' title='bbox 716 673 819 712; x_wconf 84' lang='lat' dir='ltr'><strong>Livi.</strong></span> <span class='ocrx_word' id='word_1_76' title='bbox 844 673 997 713; x_wconf 86' lang='lat' dir='ltr'>XXIII.</span> <span class='ocrx_word' id='word_1_77' title='bbox 1019 689 1051 714; x_wconf 83' lang='lat' dir='ltr'><strong>c.</strong></span> <span class='ocrx_word' id='word_1_78' title='bbox 1081 689 1141 715; x_wconf 88' lang='lat'><strong>10.</strong></span> <span class='ocrx_word' id='word_1_79' title='bbox 1171 724 1173 727; x_wconf 22' lang='grc' dir='ltr'><strong><em>ι</em></strong></span> 
     </span>
    </p>

    <p class='ocr_par' dir='ltr' id='par_1_7' title="bbox 333 727 1263 781">
     <span class='ocr_line' id='line_1_11' title="bbox 333 727 1263 781; baseline 0.001 -13"><span class='ocrx_word' id='word_1_80' title='bbox 333 736 424 768; x_wconf 84' lang='lat'><strong>260.</strong></span> <span class='ocrx_word' id='word_1_81' title='bbox 450 727 694 778; x_wconf 68' lang='lat' dir='ltr'><strong>Speflandis.</strong></span> <span class='ocrx_word' id='word_1_82' title='bbox 731 727 836 766; x_wconf 82' lang='lat' dir='ltr'><strong>Livi.</strong></span> <span class='ocrx_word' id='word_1_83' title='bbox 859 728 1013 766; x_wconf 85' lang='lat' dir='ltr'>XXIII.</span> <span class='ocrx_word' id='word_1_84' title='bbox 1037 745 1076 781; x_wconf 88' lang='lat'><strong>7.</strong></span> <span class='ocrx_word' id='word_1_85' title='bbox 1103 729 1145 768; x_wconf 89' lang='lat' dir='ltr'><strong>in</strong></span> <span class='ocrx_word' id='word_1_86' title='bbox 1172 729 1263 769; x_wconf 79' lang='lat' dir='ltr'><strong>fine.</strong></span> 
     </span>
    </p>

    <p class='ocr_par' dir='ltr' id='par_1_8' title="bbox 273 782 1580 1041">
     <span class='ocr_line' id='line_1_12' title="bbox 332 782 1575 837; baseline 0 -15"><span class='ocrx_word' id='word_1_87' title='bbox 332 790 425 822; x_wconf 87' lang='lat'><strong>262.</strong></span> <span class='ocrx_word' id='word_1_88' title='bbox 444 783 609 822; x_wconf 71' lang='grc' dir='ltr'><strong><em>Αιιεῖον.</em></strong></span> <span class='ocrx_word' id='word_1_89' title='bbox 638 784 671 821; x_wconf 90' lang='grc' dir='ltr'>Ε</span> <span class='ocrx_word' id='word_1_90' title='bbox 698 782 839 837; x_wconf 83' lang='lat' dir='ltr'><strong>Virgil.</strong></span> <span class='ocrx_word' id='word_1_91' title='bbox 865 782 891 821; x_wconf 91' lang='grc'><strong><em>1.</em></strong></span> <span class='ocrx_word' id='word_1_92' title='bbox 915 782 1034 823; x_wconf 92' lang='lat' dir='ltr'>VIII.</span> <span class='ocrx_word' id='word_1_93' title='bbox 1064 798 1152 831; x_wconf 80' lang='lat'><strong>134.</strong></span> <span class='ocrx_word' id='word_1_94' title='bbox 1181 784 1292 836; x_wconf 85' lang='lat' dir='ltr'><strong>quod</strong></span> <span class='ocrx_word' id='word_1_95' title='bbox 1313 797 1435 823; x_wconf 86' lang='lat' dir='ltr'><strong>nemo</strong></span> <span class='ocrx_word' id='word_1_96' title='bbox 1457 783 1575 822; x_wconf 81' lang='lat' dir='ltr'><strong>vidit.</strong></span> 
     </span>
     <span class='ocr_line' id='line_1_13' title="bbox 274 835 1578 887; baseline -0.001 -10"><span class='ocrx_word' id='word_1_97' title='bbox 274 839 337 877; x_wconf 84' lang='lat' dir='ltr'><strong>Sic</strong></span> <span class='ocrx_word' id='word_1_98' title='bbox 357 837 534 885; x_wconf 67' lang='lat' dir='ltr'><strong>justinus</strong></span> <span class='ocrx_word' id='word_1_99' title='bbox 556 836 607 876; x_wconf 89' lang='lat' dir='ltr'><strong>de</strong></span> <span class='ocrx_word' id='word_1_100' title='bbox 631 835 729 875; x_wconf 85' lang='lat' dir='ltr'><strong>Pifis</strong></span> <span class='ocrx_word' id='word_1_101' title='bbox 747 867 757 884; x_wconf 88' lang='lat'><em>,</em></span> <span class='ocrx_word' id='word_1_102' title='bbox 779 854 803 871; x_wconf 77' lang='grc' dir='ltr'>α</span> <span class='ocrx_word' id='word_1_103' title='bbox 821 836 984 876; x_wconf 80' lang='lat' dir='ltr'><strong>Graecos</strong></span> <span class='ocrx_word' id='word_1_104' title='bbox 1001 839 1171 887; x_wconf 61' lang='lat' dir='ltr'><strong>audoses</strong></span> <span class='ocrx_word' id='word_1_105' title='bbox 1193 840 1347 878; x_wconf 72' lang='lat' dir='ltr'><strong>habet»</strong></span> <span class='ocrx_word' id='word_1_106' title='bbox 1367 870 1377 885; x_wconf 87' lang='lat'>,</span> <span class='ocrx_word' id='word_1_107' title='bbox 1405 840 1417 876; x_wconf 79' lang='lat'>1</span> <span class='ocrx_word' id='word_1_108' title='bbox 1447 838 1578 877; x_wconf 81' lang='lat' dir='ltr'>XXII.</span> 
     </span>
     <span class='ocr_line' id='line_1_14' title="bbox 273 890 1580 941; baseline -0.002 -10"><span class='ocrx_word' id='word_1_109' title='bbox 273 907 309 931; x_wconf 78' lang='lat' dir='ltr'><strong>c.</strong></span> <span class='ocrx_word' id='word_1_110' title='bbox 341 907 371 931; x_wconf 88' lang='lat'><strong>1.</strong></span> <span class='ocrx_word' id='word_1_111' title='bbox 409 892 454 929; x_wconf 84' lang='lat' dir='ltr'>In</span> <span class='ocrx_word' id='word_1_112' title='bbox 482 891 550 929; x_wconf 85' lang='lat' dir='ltr'><strong>Sil.</strong></span> <span class='ocrx_word' id='word_1_113' title='bbox 577 891 604 930; x_wconf 85' lang='lat' dir='ltr'><strong>l.</strong></span> <span class='ocrx_word' id='word_1_114' title='bbox 634 890 690 931; x_wconf 70' lang='grc' dir='ltr'><strong><em>ΙΙ.</em></strong></span> <span class='ocrx_word' id='word_1_115' title='bbox 722 893 814 940; x_wconf 82' lang='lat'>654,</span> <span class='ocrx_word' id='word_1_116' title='bbox 848 891 901 929; x_wconf 89' lang='lat' dir='ltr'><strong>est</strong></span> <span class='ocrx_word' id='word_1_117' title='bbox 933 905 1092 941; x_wconf 77' lang='lat' dir='ltr'><strong>parens.</strong></span> <span class='ocrx_word' id='word_1_118' title='bbox 1129 894 1234 933; x_wconf 85' lang='lat' dir='ltr'><strong>Male</strong></span> <span class='ocrx_word' id='word_1_119' title='bbox 1260 894 1388 932; x_wconf 67' lang='lat' dir='ltr'><strong>Drak.</strong></span> <span class='ocrx_word' id='word_1_120' title='bbox 1418 896 1457 932; x_wconf 90' lang='lat'>&amp;</span> <span class='ocrx_word' id='word_1_121' title='bbox 1490 893 1580 930; x_wconf 70' lang='lat' dir='ltr'><strong>aliis</strong></span> 
     </span>
     <span class='ocr_line' id='line_1_15' title="bbox 276 943 1579 999; baseline -0.001 -14"><span class='ocrx_word' id='word_1_122' title='bbox 276 948 340 998; x_wconf 83' lang='lat' dir='ltr'><strong>qui</strong></span> <span class='ocrx_word' id='word_1_123' title='bbox 366 946 486 984; x_wconf 83' lang='lat' dir='ltr'><strong>muris</strong></span> <span class='ocrx_word' id='word_1_124' title='bbox 506 947 623 999; x_wconf 80' lang='lat' dir='ltr'><strong>sator</strong></span> <span class='ocrx_word' id='word_1_125' title='bbox 639 976 651 993; x_wconf 82' lang='lat'>‚</span> <span class='ocrx_word' id='word_1_126' title='bbox 678 946 784 985; x_wconf 83' lang='lat' dir='ltr'>mala</span> <span class='ocrx_word' id='word_1_127' title='bbox 809 943 1009 986; x_wconf 81' lang='lat' dir='ltr'><strong>divisione</strong></span> <span class='ocrx_word' id='word_1_128' title='bbox 1031 947 1320 987; x_wconf 79' lang='lat' dir='ltr'><strong>Librariorum.</strong></span> <span class='ocrx_word' id='word_1_129' title='bbox 1342 947 1493 999; x_wconf 78' lang='lat' dir='ltr'><strong>Ineptit</strong></span> <span class='ocrx_word' id='word_1_130' title='bbox 1516 946 1579 985; x_wconf 77' lang='lat' dir='ltr'><strong>hic</strong></span> 
     </span>
     <span class='ocr_line' id='line_1_16' title="bbox 274 1002 498 1041; baseline -0.013 0"><span class='ocrx_word' id='word_1_131' title='bbox 274 1002 498 1041; x_wconf 77' lang='lat' dir='ltr'><strong>Burmann.</strong></span> 
     </span>
    </p>

    <p class='ocr_par' dir='ltr' id='par_1_9' title="bbox 276 1052 1581 1270">
     <span class='ocr_line' id='line_1_17' title="bbox 333 1052 1581 1107; baseline -0.001 -14"><span class='ocrx_word' id='word_1_132' title='bbox 333 1062 424 1104; x_wconf 80' lang='lat'><strong>263.</strong></span> <span class='ocrx_word' id='word_1_133' title='bbox 449 1053 651 1107; x_wconf 79' lang='lat' dir='ltr'><em>Argenti,</em></span> <span class='ocrx_word' id='word_1_134' title='bbox 684 1053 786 1092; x_wconf 69' lang='lat' dir='ltr'><strong>ceris.</strong></span> <span class='ocrx_word' id='word_1_135' title='bbox 820 1052 882 1092; x_wconf 87' lang='lat' dir='ltr'><strong>Sic</strong></span> <span class='ocrx_word' id='word_1_136' title='bbox 907 1067 941 1093; x_wconf 80' lang='lat' dir='ltr'><strong>c,</strong></span> <span class='ocrx_word' id='word_1_137' title='bbox 969 1055 1062 1095; x_wconf 85' lang='lat' dir='ltr'><strong>Col.</strong></span> <span class='ocrx_word' id='word_1_138' title='bbox 1090 1056 1174 1095; x_wconf 83' lang='lat' dir='ltr'><strong>Ox.</strong></span> <span class='ocrx_word' id='word_1_139' title='bbox 1195 1057 1248 1096; x_wconf 79' lang='lat' dir='ltr'><strong>R.</strong></span> <span class='ocrx_word' id='word_1_140' title='bbox 1280 1069 1326 1097; x_wconf 68' lang='grc'><strong><em>1.,</em></strong></span> <span class='ocrx_word' id='word_1_141' title='bbox 1345 1055 1463 1094; x_wconf 86' lang='lat' dir='ltr'><strong>Certe</strong></span> <span class='ocrx_word' id='word_1_142' title='bbox 1491 1054 1581 1093; x_wconf 73' lang='lat' dir='ltr'><strong>oeris</strong></span> 
     </span>
     <span class='ocr_line' id='line_1_18' title="bbox 276 1108 1580 1161; baseline 0 -13"><span class='ocrx_word' id='word_1_143' title='bbox 276 1109 384 1148; x_wconf 83' lang='lat' dir='ltr'><strong>inter</strong></span> <span class='ocrx_word' id='word_1_144' title='bbox 411 1109 580 1148; x_wconf 84' lang='lat' dir='ltr'><strong>hostium</strong></span> <span class='ocrx_word' id='word_1_145' title='bbox 610 1109 735 1161; x_wconf 81' lang='lat' dir='ltr'><strong>spolia</strong></span> <span class='ocrx_word' id='word_1_146' title='bbox 761 1121 844 1146; x_wconf 90' lang='lat' dir='ltr'><strong>non</strong></span> <span class='ocrx_word' id='word_1_147' title='bbox 870 1121 957 1147; x_wconf 84' lang='lat' dir='ltr'><strong>rara</strong></span> <span class='ocrx_word' id='word_1_148' title='bbox 984 1111 1142 1149; x_wconf 87' lang='lat' dir='ltr'><strong>mentio</strong></span> <span class='ocrx_word' id='word_1_149' title='bbox 1170 1111 1213 1149; x_wconf 79' lang='lat' dir='ltr'><strong>in</strong></span> <span class='ocrx_word' id='word_1_150' title='bbox 1244 1110 1432 1161; x_wconf 85' lang='lat' dir='ltr'><strong>antiquis.</strong></span> <span class='ocrx_word' id='word_1_151' title='bbox 1472 1108 1580 1148; x_wconf 80' lang='lat' dir='ltr'><strong>Vide</strong></span> 
     </span>
     <span class='ocr_line' id='line_1_19' title="bbox 278 1162 1580 1213; baseline -0.001 -11"><span class='ocrx_word' id='word_1_152' title='bbox 278 1165 382 1203; x_wconf 84' lang='lat' dir='ltr'><strong>Livi.</strong></span> <span class='ocrx_word' id='word_1_153' title='bbox 414 1165 461 1202; x_wconf 89' lang='lat' dir='ltr'><strong>X.</strong></span> <span class='ocrx_word' id='word_1_154' title='bbox 495 1176 527 1202; x_wconf 89' lang='lat' dir='ltr'><strong>c.</strong></span> <span class='ocrx_word' id='word_1_155' title='bbox 555 1170 622 1212; x_wconf 84' lang='lat'><strong>46.</strong></span> <span class='ocrx_word' id='word_1_156' title='bbox 653 1163 679 1202; x_wconf 89' lang='lat'><strong>1.</strong></span> <span class='ocrx_word' id='word_1_157' title='bbox 702 1162 893 1201; x_wconf 82' lang='lat' dir='ltr'>XXXIII.</span> <span class='ocrx_word' id='word_1_158' title='bbox 923 1177 956 1204; x_wconf 87' lang='lat' dir='ltr'><strong>c.</strong></span> <span class='ocrx_word' id='word_1_159' title='bbox 992 1179 1054 1213; x_wconf 87' lang='lat'><strong>37.</strong></span> <span class='ocrx_word' id='word_1_160' title='bbox 1080 1168 1119 1204; x_wconf 90' lang='lat'>&amp;</span> <span class='ocrx_word' id='word_1_161' title='bbox 1152 1165 1263 1203; x_wconf 76' lang='lat' dir='ltr'><strong>alibi.</strong></span> <span class='ocrx_word' id='word_1_162' title='bbox 1304 1164 1412 1202; x_wconf 63' lang='lat' dir='ltr'><strong>Aliis</strong></span> <span class='ocrx_word' id='word_1_163' title='bbox 1444 1177 1580 1202; x_wconf 82' lang='lat' dir='ltr'><strong>autem</strong></span> 
     </span>
     <span class='ocr_line' id='line_1_20' title="bbox 278 1217 1579 1270; baseline -0.002 -12"><span class='ocrx_word' id='word_1_164' title='bbox 278 1219 367 1258; x_wconf 77' lang='lat' dir='ltr'><strong>auri</strong></span> <span class='ocrx_word' id='word_1_165' title='bbox 391 1232 465 1270; x_wconf 88' lang='lat' dir='ltr'><strong>pro</strong></span> <span class='ocrx_word' id='word_1_166' title='bbox 494 1217 614 1264; x_wconf 82' lang='lat' dir='ltr'><strong>oeris,</strong></span> <span class='ocrx_word' id='word_1_167' title='bbox 642 1220 681 1257; x_wconf 91' lang='lat'>&amp;</span> <span class='ocrx_word' id='word_1_168' title='bbox 711 1217 822 1256; x_wconf 86' lang='lat' dir='ltr'><strong>varie</strong></span> <span class='ocrx_word' id='word_1_169' title='bbox 849 1218 977 1256; x_wconf 79' lang='lat' dir='ltr'><strong>variat</strong></span> <span class='ocrx_word' id='word_1_170' title='bbox 1000 1217 1106 1257; x_wconf 88' lang='lat' dir='ltr'><strong>ordo</strong></span> <span class='ocrx_word' id='word_1_171' title='bbox 1126 1218 1273 1258; x_wconf 68' lang='lat' dir='ltr'><strong>ver-sris.</strong></span> <span class='ocrx_word' id='word_1_172' title='bbox 1300 1218 1407 1256; x_wconf 79' lang='lat' dir='ltr'><strong>Vide</strong></span> <span class='ocrx_word' id='word_1_173' title='bbox 1428 1218 1579 1269; x_wconf 75' lang='lat' dir='ltr'><strong>vulgat.</strong></span> 
     </span>
    </p>

    <p class='ocr_par' dir='ltr' id='par_1_10' title="bbox 280 1269 1586 1488">
     <span class='ocr_line' id='line_1_21' title="bbox 336 1269 1583 1324; baseline -0.002 -13"><span class='ocrx_word' id='word_1_174' title='bbox 336 1280 428 1318; x_wconf 84' lang='lat'><strong>265.</strong></span> <span class='ocrx_word' id='word_1_175' title='bbox 454 1270 654 1322; x_wconf 81' lang='lat' dir='ltr'><strong>Capitolia</strong></span> <span class='ocrx_word' id='word_1_176' title='bbox 671 1302 682 1318; x_wconf 88' lang='lat'><em>‚</em></span> <span class='ocrx_word' id='word_1_177' title='bbox 713 1269 758 1310; x_wconf 85' lang='lat' dir='ltr'><strong>id</strong></span> <span class='ocrx_word' id='word_1_178' title='bbox 782 1270 860 1318; x_wconf 84' lang='lat' dir='ltr'><strong>est,</strong></span> <span class='ocrx_word' id='word_1_179' title='bbox 894 1286 1048 1317; x_wconf 78' lang='lat' dir='ltr'><strong>arcem,</strong></span> <span class='ocrx_word' id='word_1_180' title='bbox 1074 1273 1132 1311; x_wconf 81' lang='lat' dir='ltr'><strong>ita</strong></span> <span class='ocrx_word' id='word_1_181' title='bbox 1158 1286 1426 1324; x_wconf 77' lang='lat' dir='ltr'><strong>nuncupatam</strong></span> <span class='ocrx_word' id='word_1_182' title='bbox 1454 1273 1583 1310; x_wconf 81' lang='lat' dir='ltr'><strong>trans-</strong></span> 
     </span>
     <span class='ocr_line' id='line_1_22' title="bbox 281 1325 1586 1379; baseline -0.001 -13"><span class='ocrx_word' id='word_1_183' title='bbox 281 1326 436 1366; x_wconf 81' lang='lat' dir='ltr'><strong>latione</strong></span> <span class='ocrx_word' id='word_1_184' title='bbox 462 1325 640 1365; x_wconf 86' lang='lat' dir='ltr'><strong>nominis</strong></span> <span class='ocrx_word' id='word_1_185' title='bbox 663 1325 761 1364; x_wconf 83' lang='lat' dir='ltr'><strong>arcis</strong></span> <span class='ocrx_word' id='word_1_186' title='bbox 786 1326 997 1366; x_wconf 83' lang='lat' dir='ltr'><strong>Romanae.</strong></span> <span class='ocrx_word' id='word_1_187' title='bbox 1029 1328 1125 1366; x_wconf 81' lang='lat' dir='ltr'><strong>Vox</strong></span> <span class='ocrx_word' id='word_1_188' title='bbox 1151 1326 1368 1379; x_wconf 77' lang='lat' dir='ltr'><strong>compofita</strong></span> <span class='ocrx_word' id='word_1_189' title='bbox 1393 1326 1494 1364; x_wconf 75' lang='lat' dir='ltr'><strong>binis</strong></span> <span class='ocrx_word' id='word_1_190' title='bbox 1516 1340 1586 1365; x_wconf 85' lang='lat' dir='ltr'><strong>vo-</strong></span> 
     </span>
     <span class='ocr_line' id='line_1_23' title="bbox 281 1378 1586 1432; baseline 0 -12"><span class='ocrx_word' id='word_1_191' title='bbox 281 1382 389 1420; x_wconf 82' lang='lat' dir='ltr'><strong>cibus</strong></span> <span class='ocrx_word' id='word_1_192' title='bbox 422 1379 588 1421; x_wconf 77' lang='lat' dir='ltr'><strong>Celticis</strong></span> <span class='ocrx_word' id='word_1_193' title='bbox 613 1384 651 1419; x_wconf 87' lang='lat'>&amp;</span> <span class='ocrx_word' id='word_1_194' title='bbox 676 1378 837 1418; x_wconf 82' lang='lat' dir='ltr'><strong>Punicis</strong></span> <span class='ocrx_word' id='word_1_195' title='bbox 866 1395 939 1431; x_wconf 83' lang='lat' dir='ltr'><strong>cap</strong></span> <span class='ocrx_word' id='word_1_196' title='bbox 967 1394 1077 1432; x_wconf 84' lang='lat' dir='ltr'><strong>petra</strong></span> <span class='ocrx_word' id='word_1_197' title='bbox 1095 1413 1104 1428; x_wconf 95' lang='lat'>,</span> <span class='ocrx_word' id='word_1_198' title='bbox 1140 1386 1179 1422; x_wconf 88' lang='lat'>&amp;</span> <span class='ocrx_word' id='word_1_199' title='bbox 1204 1381 1265 1420; x_wconf 86' lang='lat' dir='ltr'><strong>tol</strong></span> <span class='ocrx_word' id='word_1_200' title='bbox 1287 1382 1351 1420; x_wconf 75' lang='lat' dir='ltr'><strong>vel</strong></span> <span class='ocrx_word' id='word_1_201' title='bbox 1380 1381 1457 1426; x_wconf 75' lang='lat' dir='ltr'><strong>ml,</strong></span> <span class='ocrx_word' id='word_1_202' title='bbox 1488 1381 1586 1420; x_wconf 68' lang='lat' dir='ltr'><strong>alta.</strong></span> 
     </span>
     <span class='ocr_line' id='line_1_24' title="bbox 280 1433 1175 1488; baseline -0.001 -13"><span class='ocrx_word' id='word_1_203' title='bbox 280 1436 345 1476; x_wconf 79' lang='lat' dir='ltr'><strong>Sic</strong></span> <span class='ocrx_word' id='word_1_204' title='bbox 372 1435 506 1474; x_wconf 81' lang='lat' dir='ltr'><strong>omnis</strong></span> <span class='ocrx_word' id='word_1_205' title='bbox 537 1448 608 1473; x_wconf 80' lang='lat' dir='ltr'><strong>arx</strong></span> <span class='ocrx_word' id='word_1_206' title='bbox 635 1447 792 1486; x_wconf 86' lang='lat' dir='ltr'><strong>poterat</strong></span> <span class='ocrx_word' id='word_1_207' title='bbox 821 1433 900 1474; x_wconf 86' lang='lat' dir='ltr'><strong>dici</strong></span> <span class='ocrx_word' id='word_1_208' title='bbox 927 1436 1175 1488; x_wconf 80' lang='lat' dir='ltr'><strong>capitolium.</strong></span> 
     </span>
    </p>

    <p class='ocr_par' dir='ltr' id='par_1_11' title="bbox 278 1488 1587 1652">
     <span class='ocr_line' id='line_1_25' title="bbox 332 1488 1584 1541; baseline -0.002 -11"><span class='ocrx_word' id='word_1_209' title='bbox 332 1498 424 1530; x_wconf 82' lang='lat'><strong>268.</strong></span> <span class='ocrx_word' id='word_1_210' title='bbox 456 1488 664 1541; x_wconf 76' lang='lat' dir='ltr'><strong><em>Hesperus.</em></strong></span> <span class='ocrx_word' id='word_1_211' title='bbox 694 1488 743 1526; x_wconf 91' lang='lat' dir='ltr'>In</span> <span class='ocrx_word' id='word_1_212' title='bbox 767 1502 800 1527; x_wconf 87' lang='lat' dir='ltr'><strong>c-</strong></span> <span class='ocrx_word' id='word_1_213' title='bbox 827 1490 878 1527; x_wconf 83' lang='lat' dir='ltr'><strong>T.</strong></span> <span class='ocrx_word' id='word_1_214' title='bbox 909 1491 959 1530; x_wconf 89' lang='lat' dir='ltr'><strong>R.</strong></span> <span class='ocrx_word' id='word_1_215' title='bbox 988 1504 1022 1535; x_wconf 78' lang='lat'><strong>1.</strong></span> <span class='ocrx_word' id='word_1_216' title='bbox 1053 1505 1087 1530; x_wconf 83' lang='lat'><strong>2.</strong></span> <span class='ocrx_word' id='word_1_217' title='bbox 1117 1491 1251 1529; x_wconf 68' lang='lat' dir='ltr'><strong>Parni.</strong></span> <span class='ocrx_word' id='word_1_218' title='bbox 1280 1488 1456 1529; x_wconf 78' lang='lat' dir='ltr'><strong>Mediol.</strong></span> <span class='ocrx_word' id='word_1_219' title='bbox 1483 1488 1584 1540; x_wconf 75' lang='lat' dir='ltr'><strong>Hef-</strong></span> 
     </span>
     <span class='ocr_line' id='line_1_26' title="bbox 278 1543 1587 1598; baseline -0.002 -14"><span class='ocrx_word' id='word_1_220' title='bbox 278 1558 395 1598; x_wconf 81' lang='lat' dir='ltr'><strong>peros</strong></span> <span class='ocrx_word' id='word_1_221' title='bbox 409 1575 425 1592; x_wconf 88' lang='lat'><em>,</em></span> <span class='ocrx_word' id='word_1_222' title='bbox 448 1543 581 1582; x_wconf 80' lang='lat' dir='ltr'><strong>forma</strong></span> <span class='ocrx_word' id='word_1_223' title='bbox 601 1543 744 1582; x_wconf 81' lang='lat' dir='ltr'><strong>Graeca</strong></span> <span class='ocrx_word' id='word_1_224' title='bbox 763 1573 773 1588; x_wconf 87' lang='lat'><strong>‚</strong></span> <span class='ocrx_word' id='word_1_225' title='bbox 800 1556 843 1594; x_wconf 78' lang='lat' dir='ltr'><strong>ut</strong></span> <span class='ocrx_word' id='word_1_226' title='bbox 856 1545 1084 1595; x_wconf 83' lang='lat' dir='ltr'>Zacynthos</span> <span class='ocrx_word' id='word_1_227' title='bbox 1100 1575 1110 1591; x_wconf 90' lang='lat'><em>‚</em></span> <span class='ocrx_word' id='word_1_228' title='bbox 1124 1547 1349 1598; x_wconf 76' lang='lat' dir='ltr'><strong>Saguntos,</strong></span> <span class='ocrx_word' id='word_1_229' title='bbox 1374 1545 1414 1582; x_wconf 86' lang='lat' dir='ltr'><strong>in</strong></span> <span class='ocrx_word' id='word_1_230' title='bbox 1434 1544 1587 1596; x_wconf 73' lang='lat' dir='ltr'><strong>Ieriptis</strong></span> 
     </span>
     <span class='ocr_line' id='line_1_27' title="bbox 282 1594 1249 1652; baseline -0.002 -14"><span class='ocrx_word' id='word_1_231' title='bbox 282 1601 430 1652; x_wconf 71' lang='lat' dir='ltr'><strong>passim.</strong></span> <span class='ocrx_word' id='word_1_232' title='bbox 457 1597 505 1636; x_wconf 82' lang='lat' dir='ltr'>In</span> <span class='ocrx_word' id='word_1_233' title='bbox 531 1612 563 1636; x_wconf 87' lang='lat' dir='ltr'><strong>c.</strong></span> <span class='ocrx_word' id='word_1_234' title='bbox 590 1598 640 1635; x_wconf 91' lang='lat' dir='ltr'><strong>T.</strong></span> <span class='ocrx_word' id='word_1_235' title='bbox 664 1594 788 1650; x_wconf 75' lang='lat' dir='ltr'><strong>glossa</strong></span> <span class='ocrx_word' id='word_1_236' title='bbox 807 1627 817 1644; x_wconf 87' lang='lat'>‚</span> <span class='ocrx_word' id='word_1_237' title='bbox 850 1615 876 1632; x_wconf 73' lang='lat' dir='ltr'><strong>ce</strong></span> <span class='ocrx_word' id='word_1_238' title='bbox 900 1612 974 1651; x_wconf 86' lang='lat' dir='ltr'><strong>pro</strong></span> <span class='ocrx_word' id='word_1_239' title='bbox 995 1598 1191 1652; x_wconf 71' lang='lat' dir='ltr'><strong>Hesp-erus</strong></span> <span class='ocrx_word' id='word_1_240' title='bbox 1209 1617 1249 1636; x_wconf 68' lang='grc' dir='ltr'><strong><em>ο».</em></strong></span> 
     </span>
    </p>

    <p class='ocr_par' dir='ltr' id='par_1_12' title="bbox 283 1651 1586 1757">
     <span class='ocr_line' id='line_1_28' title="bbox 339 1651 1586 1708; baseline 0.001 -17"><span class='ocrx_word' id='word_1_241' title='bbox 339 1662 428 1698; x_wconf 70' lang='lat'><strong>269.</strong></span> <span class='ocrx_word' id='word_1_242' title='bbox 464 1652 618 1703; x_wconf 63' lang='lat' dir='ltr'><strong>Infizsci.</strong></span> <span class='ocrx_word' id='word_1_243' title='bbox 655 1652 719 1690; x_wconf 87' lang='lat' dir='ltr'><strong>Sic</strong></span> <span class='ocrx_word' id='word_1_244' title='bbox 748 1665 891 1692; x_wconf 80' lang='lat' dir='ltr'><strong>omnes</strong></span> <span class='ocrx_word' id='word_1_245' title='bbox 924 1657 962 1693; x_wconf 78' lang='grc' dir='ltr'><strong>δε</strong></span> <span class='ocrx_word' id='word_1_246' title='bbox 996 1658 1124 1702; x_wconf 53' lang='lat' dir='ltr'><strong>mest,</strong></span> <span class='ocrx_word' id='word_1_247' title='bbox 1153 1651 1350 1708; x_wconf 83' lang='lat' dir='ltr'><strong>quidquid</strong></span> <span class='ocrx_word' id='word_1_248' title='bbox 1366 1651 1586 1705; x_wconf 72' lang='lat' dir='ltr'><strong>obgauniat</strong></span> 
     </span>
     <span class='ocr_line' id='line_1_29' title="bbox 283 1705 879 1757; baseline -0.005 -10"><span class='ocrx_word' id='word_1_249' title='bbox 283 1705 493 1757; x_wconf 83' lang='lat' dir='ltr'><strong>Heynsius.</strong></span> <span class='ocrx_word' id='word_1_250' title='bbox 527 1705 632 1744; x_wconf 88' lang='lat' dir='ltr'><strong>Vide</strong></span> <span class='ocrx_word' id='word_1_251' title='bbox 659 1706 685 1743; x_wconf 93' lang='grc'><strong><em>1.</em></strong></span> <span class='ocrx_word' id='word_1_252' title='bbox 713 1707 761 1744; x_wconf 91' lang='lat' dir='ltr'><strong>V.</strong></span> <span class='ocrx_word' id='word_1_253' title='bbox 788 1712 879 1756; x_wconf 82' lang='lat'><strong>678.</strong></span> 
     </span>
    </p>

    <p class='ocr_par' dir='ltr' id='par_1_13' title="bbox 281 1758 1586 1862">
     <span class='ocr_line' id='line_1_30' title="bbox 339 1758 1586 1811; baseline -0.001 -12"><span class='ocrx_word' id='word_1_254' title='bbox 339 1775 427 1810; x_wconf 84' lang='lat'><strong>270.</strong></span> <span class='ocrx_word' id='word_1_255' title='bbox 462 1758 635 1809; x_wconf 74' lang='lat' dir='ltr'><strong>Eput&#39;czS.</strong></span> <span class='ocrx_word' id='word_1_256' title='bbox 676 1758 783 1798; x_wconf 88' lang='lat' dir='ltr'><strong>Vide</strong></span> <span class='ocrx_word' id='word_1_257' title='bbox 815 1760 920 1799; x_wconf 90' lang='lat' dir='ltr'><strong>Livi.</strong></span> <span class='ocrx_word' id='word_1_258' title='bbox 952 1760 1105 1806; x_wconf 83' lang='lat' dir='ltr'>XXIII,</span> <span class='ocrx_word' id='word_1_259' title='bbox 1131 1774 1163 1798; x_wconf 88' lang='lat' dir='ltr'><strong>c.</strong></span> <span class='ocrx_word' id='word_1_260' title='bbox 1195 1768 1229 1799; x_wconf 88' lang='lat'><strong>8.</strong></span> <span class='ocrx_word' id='word_1_261' title='bbox 1270 1771 1465 1811; x_wconf 67' lang='lat' dir='ltr'><strong>caeperunt</strong></span> <span class='ocrx_word' id='word_1_262' title='bbox 1494 1774 1586 1810; x_wconf 76' lang='lat' dir='ltr'><strong>epu-</strong></span> 
     </span>
     <span class='ocr_line' id='line_1_31' title="bbox 281 1816 498 1862; baseline -0.023 -6"><span class='ocrx_word' id='word_1_263' title='bbox 281 1816 392 1862; x_wconf 79' lang='lat' dir='ltr'><strong>lari,</strong></span> <span class='ocrx_word' id='word_1_264' title='bbox 425 1817 498 1853; x_wconf 61' lang='grc' dir='ltr'><strong><em>δίε.</em></strong></span> 
     </span>
    </p>

    <p class='ocr_par' dir='ltr' id='par_1_14' title="bbox 283 1865 1593 2192">
     <span class='ocr_line' id='line_1_32' title="bbox 342 1865 1589 1919; baseline -0.001 -11"><span class='ocrx_word' id='word_1_265' title='bbox 342 1882 432 1918; x_wconf 86' lang='grc'><strong><em>273,</em></strong></span> <span class='ocrx_word' id='word_1_266' title='bbox 463 1865 710 1916; x_wconf 68' lang='lat' dir='ltr'><strong>Praecipuus.</strong></span> <span class='ocrx_word' id='word_1_267' title='bbox 731 1865 902 1916; x_wconf 84' lang='lat' dir='ltr'><strong>Optime</strong></span> <span class='ocrx_word' id='word_1_268' title='bbox 925 1866 976 1905; x_wconf 88' lang='lat' dir='ltr'><strong>R.</strong></span> <span class='ocrx_word' id='word_1_269' title='bbox 999 1879 1035 1903; x_wconf 88' lang='lat'><strong>2.</strong></span> <span class='ocrx_word' id='word_1_270' title='bbox 1062 1867 1093 1903; x_wconf 91' lang='lat' dir='ltr'>E</span> <span class='ocrx_word' id='word_1_271' title='bbox 1112 1865 1288 1919; x_wconf 79' lang='lat' dir='ltr'><strong>Virgilio</strong></span> <span class='ocrx_word' id='word_1_272' title='bbox 1305 1897 1314 1913; x_wconf 89' lang='lat'>‚</span> <span class='ocrx_word' id='word_1_273' title='bbox 1348 1867 1464 1906; x_wconf 79' lang='lat' dir='ltr'>VIII.</span> <span class='ocrx_word' id='word_1_274' title='bbox 1495 1878 1589 1918; x_wconf 75' lang='lat'><strong>177.</strong></span> 
     </span>
     <span class='ocr_line' id='line_1_33' title="bbox 284 1919 1588 1977; baseline -0.002 -14"><span class='ocrx_word' id='word_1_275' title='bbox 284 1923 396 1977; x_wconf 75' lang='lat' dir='ltr'><strong>quod</strong></span> <span class='ocrx_word' id='word_1_276' title='bbox 425 1934 549 1961; x_wconf 86' lang='lat' dir='ltr'><strong>nemo</strong></span> <span class='ocrx_word' id='word_1_277' title='bbox 576 1920 708 1966; x_wconf 81' lang='lat' dir='ltr'><strong>vidit3</strong></span> <span class='ocrx_word' id='word_1_278' title='bbox 742 1923 781 1958; x_wconf 86' lang='lat'>&amp;</span> <span class='ocrx_word' id='word_1_279' title='bbox 819 1921 897 1958; x_wconf 88' lang='lat' dir='ltr'><strong>hoc</strong></span> <span class='ocrx_word' id='word_1_280' title='bbox 929 1932 952 1958; x_wconf 84' lang='lat' dir='ltr'>a</span> <span class='ocrx_word' id='word_1_281' title='bbox 983 1919 1135 1958; x_wconf 84' lang='lat' dir='ltr'><strong>Graecis</strong></span> <span class='ocrx_word' id='word_1_282' title='bbox 1159 1935 1168 1959; x_wconf 71' lang='grc' dir='ltr'><strong><em>ε</em></strong></span> <span class='ocrx_word' id='word_1_283' title='bbox 1192 1933 1337 1973; x_wconf 83' lang='lat' dir='ltr'><strong>nempe</strong></span> <span class='ocrx_word' id='word_1_284' title='bbox 1376 1921 1588 1971; x_wconf 75' lang='grc' dir='ltr'><strong><em>τιμάοχος,</em></strong></span> 
     </span>
     <span class='ocr_line' id='line_1_34' title="bbox 286 1972 1593 2030; baseline -0.002 -13"><span class='ocrx_word' id='word_1_285' title='bbox 286 1978 444 2030; x_wconf 88' lang='lat' dir='ltr'><strong>Hymn.</strong></span> <span class='ocrx_word' id='word_1_286' title='bbox 474 1973 623 2015; x_wconf 76' lang='lat' dir='ltr'><strong>Vener.</strong></span> <span class='ocrx_word' id='word_1_287' title='bbox 651 1988 690 2012; x_wconf 85' lang='lat' dir='ltr'><strong>v.</strong></span> <span class='ocrx_word' id='word_1_288' title='bbox 723 1976 803 2014; x_wconf 52' lang='lat'><strong>81.</strong></span> <span class='ocrx_word' id='word_1_289' title='bbox 822 1977 861 2013; x_wconf 72' lang='grc' dir='ltr'><strong>δε</strong></span> <span class='ocrx_word' id='word_1_290' title='bbox 894 1973 937 2012; x_wconf 85' lang='lat' dir='ltr'><strong>in</strong></span> <span class='ocrx_word' id='word_1_291' title='bbox 969 1972 1312 2014; x_wconf 69' lang='lat' dir='ltr'><strong>Pseudhomerico</strong></span> <span class='ocrx_word' id='word_1_292' title='bbox 1341 1975 1511 2026; x_wconf 84' lang='lat' dir='ltr'><strong>Hymno</strong></span> <span class='ocrx_word' id='word_1_293' title='bbox 1543 1976 1593 2015; x_wconf 65' lang='lat' dir='ltr'><strong>iu</strong></span> 
     </span>
     <span class='ocr_line' id='line_1_35' title="bbox 286 2027 1587 2082; baseline -0.003 -10"><span class='ocrx_word' id='word_1_294' title='bbox 286 2033 479 2072; x_wconf 85' lang='lat' dir='ltr'><strong>Cererem</strong></span> <span class='ocrx_word' id='word_1_295' title='bbox 498 2059 510 2076; x_wconf 92' lang='lat'><strong>,</strong></span> <span class='ocrx_word' id='word_1_296' title='bbox 546 2027 693 2068; x_wconf 84' lang='lat' dir='ltr'><strong>edente</strong></span> <span class='ocrx_word' id='word_1_297' title='bbox 717 2027 771 2069; x_wconf 83' lang='lat' dir='ltr'><strong>cl.</strong></span> <span class='ocrx_word' id='word_1_298' title='bbox 788 2029 1005 2069; x_wconf 77' lang='lat' dir='ltr'><strong>Ruhnken;</strong></span> <span class='ocrx_word' id='word_1_299' title='bbox 1052 2036 1140 2076; x_wconf 75' lang='lat'><strong>348.</strong></span> <span class='ocrx_word' id='word_1_300' title='bbox 1166 2030 1233 2081; x_wconf 87' lang='lat' dir='ltr'><strong>qui</strong></span> <span class='ocrx_word' id='word_1_301' title='bbox 1257 2032 1360 2069; x_wconf 71' lang='lat' dir='ltr'><strong>re&amp;e</strong></span> <span class='ocrx_word' id='word_1_302' title='bbox 1382 2030 1554 2082; x_wconf 81' lang='lat' dir='ltr'><strong>explicat</strong></span> <span class='ocrx_word' id='word_1_303' title='bbox 1573 2059 1587 2076; x_wconf 86' lang='lat'>‚</span> 
     </span>
     <span class='ocr_line' id='line_1_36' title="bbox 286 2082 1589 2139; baseline 0.001 -17"><span class='ocrx_word' id='word_1_304' title='bbox 286 2104 315 2122; x_wconf 73' lang='grc' dir='ltr'><strong>α</strong></span> <span class='ocrx_word' id='word_1_305' title='bbox 335 2087 405 2139; x_wconf 89' lang='lat' dir='ltr'><strong>qui</strong></span> <span class='ocrx_word' id='word_1_306' title='bbox 434 2085 612 2137; x_wconf 79' lang='lat' dir='ltr'><strong>primum</strong></span> <span class='ocrx_word' id='word_1_307' title='bbox 642 2083 780 2122; x_wconf 80' lang='lat' dir='ltr'><strong>locum</strong></span> <span class='ocrx_word' id='word_1_308' title='bbox 810 2095 923 2122; x_wconf 84' lang='lat' dir='ltr'><strong>tenet</strong></span> <span class='ocrx_word' id='word_1_309' title='bbox 943 2100 985 2120; x_wconf 70' lang='grc' dir='ltr'><strong><em>υ.</em></strong></span> <span class='ocrx_word' id='word_1_310' title='bbox 1019 2082 1130 2120; x_wconf 76' lang='lat' dir='ltr'><strong>Male</strong></span> <span class='ocrx_word' id='word_1_311' title='bbox 1157 2096 1253 2135; x_wconf 86' lang='lat' dir='ltr'><strong>ergo</strong></span> <span class='ocrx_word' id='word_1_312' title='bbox 1279 2084 1411 2123; x_wconf 77' lang='lat' dir='ltr'><strong>Drak.</strong></span> <span class='ocrx_word' id='word_1_313' title='bbox 1437 2088 1476 2123; x_wconf 64' lang='grc' dir='ltr'><strong>ὃς</strong></span> <span class='ocrx_word' id='word_1_314' title='bbox 1497 2084 1589 2123; x_wconf 73' lang='lat' dir='ltr'><strong>aliis</strong></span> 
     </span>
     <span class='ocr_line' id='line_1_37' title="bbox 283 2135 1558 2192; baseline -0.003 -12"><span class='ocrx_word' id='word_1_315' title='bbox 283 2139 496 2192; x_wconf 73' lang='lat' dir='ltr'><strong>pracipuis</strong></span> <span class='ocrx_word' id='word_1_316' title='bbox 512 2168 521 2182; x_wconf 86' lang='lat'>‚</span> <span class='ocrx_word' id='word_1_317' title='bbox 539 2135 646 2190; x_wconf 85' lang='lat' dir='ltr'><strong>quafi</strong></span> <span class='ocrx_word' id='word_1_318' title='bbox 665 2138 792 2184; x_wconf 74' lang='lat' dir='ltr'><strong>toris;</strong></span> <span class='ocrx_word' id='word_1_319' title='bbox 810 2135 923 2189; x_wconf 90' lang='lat' dir='ltr'><strong>quod</strong></span> <span class='ocrx_word' id='word_1_320' title='bbox 949 2135 1013 2176; x_wconf 72' lang='lat' dir='ltr'><strong>hic</strong></span> <span class='ocrx_word' id='word_1_321' title='bbox 1033 2137 1155 2187; x_wconf 83' lang='lat' dir='ltr'><strong>longe</strong></span> <span class='ocrx_word' id='word_1_322' title='bbox 1177 2151 1199 2175; x_wconf 82' lang='lat' dir='ltr'>a</span> <span class='ocrx_word' id='word_1_323' title='bbox 1228 2150 1365 2177; x_wconf 84' lang='lat' dir='ltr'><strong>mente</strong></span> <span class='ocrx_word' id='word_1_324' title='bbox 1390 2139 1558 2178; x_wconf 81' lang='lat' dir='ltr'><strong>autoris.</strong></span> 
     </span>
    </p>

    <p class='ocr_par' dir='ltr' id='par_1_15' title="bbox 343 2190 1407 2246">
     <span class='ocr_line' id='line_1_38' title="bbox 343 2190 1407 2246; baseline -0.006 -11"><span class='ocrx_word' id='word_1_325' title='bbox 343 2201 436 2246; x_wconf 85' lang='lat'><strong>276.</strong></span> <span class='ocrx_word' id='word_1_326' title='bbox 460 2191 540 2232; x_wconf 87' lang='lat' dir='ltr'><strong>His</strong></span> <span class='ocrx_word' id='word_1_327' title='bbox 564 2190 732 2231; x_wconf 81' lang='lat' dir='ltr'><strong>adolere.</strong></span> <span class='ocrx_word' id='word_1_328' title='bbox 760 2190 916 2230; x_wconf 88' lang='lat' dir='ltr'><strong>Confer</strong></span> <span class='ocrx_word' id='word_1_329' title='bbox 937 2192 1034 2230; x_wconf 82' lang='lat' dir='ltr'><strong>Stat.</strong></span> <span class='ocrx_word' id='word_1_330' title='bbox 1058 2191 1086 2230; x_wconf 90' lang='lat' dir='ltr'><strong>l.</strong></span> <span class='ocrx_word' id='word_1_331' title='bbox 1111 2190 1144 2229; x_wconf 90' lang='grc' dir='ltr'><strong>Ι.</strong></span> <span class='ocrx_word' id='word_1_332' title='bbox 1180 2204 1301 2236; x_wconf 73' lang='lat'><strong>515:</strong></span> <span class='ocrx_word' id='word_1_333' title='bbox 1319 2199 1407 2236; x_wconf 75' lang='lat'><strong>526.</strong></span> 
     </span>
    </p>

    <p class='ocr_par' dir='ltr' id='par_1_16' title="bbox 288 2242 1595 2353">
     <span class='ocr_line' id='line_1_39' title="bbox 341 2242 1595 2299; baseline -0.002 -12"><span class='ocrx_word' id='word_1_334' title='bbox 341 2262 435 2299; x_wconf 85' lang='lat'><strong>277.</strong></span> <span class='ocrx_word' id='word_1_335' title='bbox 457 2247 630 2297; x_wconf 73' lang='lat' dir='ltr'><strong>Aspera.</strong></span> <span class='ocrx_word' id='word_1_336' title='bbox 662 2247 825 2297; x_wconf 84' lang='lat' dir='ltr'><strong>Nempe</strong></span> <span class='ocrx_word' id='word_1_337' title='bbox 855 2245 970 2298; x_wconf 85' lang='lat' dir='ltr'><strong>fignis</strong></span> <span class='ocrx_word' id='word_1_338' title='bbox 996 2249 1036 2285; x_wconf 92' lang='lat'>&amp;</span> <span class='ocrx_word' id='word_1_339' title='bbox 1062 2242 1236 2284; x_wconf 84' lang='lat' dir='ltr'><strong>artificio</strong></span> <span class='ocrx_word' id='word_1_340' title='bbox 1258 2274 1269 2290; x_wconf 91' lang='lat'>,</span> <span class='ocrx_word' id='word_1_341' title='bbox 1302 2258 1342 2284; x_wconf 89' lang='lat' dir='ltr'><strong>ut</strong></span> <span class='ocrx_word' id='word_1_342' title='bbox 1366 2244 1508 2297; x_wconf 63' lang='lat' dir='ltr'><strong>virgil.</strong></span> <span class='ocrx_word' id='word_1_343' title='bbox 1535 2245 1595 2285; x_wconf 79' lang='lat' dir='ltr'><strong>V.</strong></span> 
     </span>
     <span class='ocr_line' id='line_1_40' title="bbox 288 2298 1430 2353; baseline -0.001 -15"><span class='ocrx_word' id='word_1_344' title='bbox 288 2310 393 2353; x_wconf 77' lang='lat'><strong>267„</strong></span> <span class='ocrx_word' id='word_1_345' title='bbox 427 2305 467 2342; x_wconf 75' lang='grc' dir='ltr'><strong>ὃς</strong></span> <span class='ocrx_word' id='word_1_346' title='bbox 497 2300 567 2339; x_wconf 84' lang='lat' dir='ltr'><strong>Sil.</strong></span> <span class='ocrx_word' id='word_1_347' title='bbox 596 2299 622 2337; x_wconf 90' lang='grc'><strong>1.</strong></span> <span class='ocrx_word' id='word_1_348' title='bbox 651 2299 707 2338; x_wconf 91' lang='lat'><strong>11.</strong></span> <span class='ocrx_word' id='word_1_349' title='bbox 733 2313 826 2348; x_wconf 86' lang='lat'><strong>432.</strong></span> <span class='ocrx_word' id='word_1_350' title='bbox 855 2298 1181 2346; x_wconf 76' lang='lat' dir='ltr'><strong>Ovid.Metam.</strong></span> <span class='ocrx_word' id='word_1_351' title='bbox 1204 2298 1320 2338; x_wconf 82' lang='lat' dir='ltr'>XIII.</span> <span class='ocrx_word' id='word_1_352' title='bbox 1339 2313 1430 2348; x_wconf 87' lang='lat'><em>701.</em></span> 
     </span>
    </p>

    <p class='ocr_par' dir='ltr' id='par_1_17' title="bbox 279 2352 1587 2461">
     <span class='ocr_line' id='line_1_41' title="bbox 342 2352 1587 2407; baseline -0.001 -12"><span class='ocrx_word' id='word_1_353' title='bbox 342 2368 435 2407; x_wconf 86' lang='lat'><strong>279.</strong></span> <span class='ocrx_word' id='word_1_354' title='bbox 473 2352 680 2404; x_wconf 70' lang='lat' dir='ltr'><strong>Eripiunt.</strong></span> <span class='ocrx_word' id='word_1_355' title='bbox 716 2356 813 2394; x_wconf 83' lang='lat' dir='ltr'>Stat.</span> <span class='ocrx_word' id='word_1_356' title='bbox 839 2353 870 2392; x_wconf 87' lang='grc' dir='ltr'><strong><em>Ι.</em></strong></span> <span class='ocrx_word' id='word_1_357' title='bbox 905 2367 995 2400; x_wconf 83' lang='lat'><strong>520.</strong></span> <span class='ocrx_word' id='word_1_358' title='bbox 1033 2353 1111 2395; x_wconf 84' lang='lat' dir='ltr'><strong>Sed</strong></span> <span class='ocrx_word' id='word_1_359' title='bbox 1147 2352 1211 2398; x_wconf 74' lang='lat' dir='ltr'><strong>hic</strong></span> <span class='ocrx_word' id='word_1_360' title='bbox 1243 2353 1355 2392; x_wconf 83' lang='lat' dir='ltr'><strong>locus</strong></span> <span class='ocrx_word' id='word_1_361' title='bbox 1390 2365 1500 2392; x_wconf 85' lang='lat' dir='ltr'><strong>totus</strong></span> <span class='ocrx_word' id='word_1_362' title='bbox 1535 2365 1587 2394; x_wconf 82' lang='lat' dir='ltr'><strong>ex</strong></span> 
     </span>
     <span class='ocr_line' id='line_1_42' title="bbox 279 2406 1463 2461; baseline -0.003 -11"><span class='ocrx_word' id='word_1_363' title='bbox 279 2407 728 2461; x_wconf 20' lang='lat' dir='ltr'><strong>voeconomifi‘virgilii,</strong></span> <span class='ocrx_word' id='word_1_364' title='bbox 746 2406 791 2446; x_wconf 54' lang='lat'><strong>⁴1.</strong></span> <span class='ocrx_word' id='word_1_365' title='bbox 814 2421 909 2458; x_wconf 84' lang='lat'><strong>731.</strong></span> <span class='ocrx_word' id='word_1_366' title='bbox 942 2409 1021 2460; x_wconf 89' lang='lat' dir='ltr'><strong>seq.</strong></span> <span class='ocrx_word' id='word_1_367' title='bbox 1050 2412 1090 2449; x_wconf 73' lang='grc' dir='ltr'><strong>δε</strong></span> <span class='ocrx_word' id='word_1_368' title='bbox 1113 2407 1230 2455; x_wconf 71' lang='lat' dir='ltr'>VIII.</span> <span class='ocrx_word' id='word_1_369' title='bbox 1265 2411 1356 2447; x_wconf 79' lang='lat'><strong>282.</strong></span> <span class='ocrx_word' id='word_1_370' title='bbox 1383 2408 1463 2459; x_wconf 88' lang='lat' dir='ltr'><strong>seq.</strong></span> 
     </span>
    </p>

    <p class='ocr_par' dir='ltr' id='par_1_18' title="bbox 341 2461 1477 2516">
     <span class='ocr_line' id='line_1_43' title="bbox 341 2461 1477 2516; baseline -0.002 -15"><span class='ocrx_word' id='word_1_371' title='bbox 341 2467 434 2509; x_wconf 83' lang='lat'><strong>285.</strong></span> <span class='ocrx_word' id='word_1_372' title='bbox 467 2461 610 2501; x_wconf 79' lang='lat' dir='ltr'><strong>Donec</strong></span> <span class='ocrx_word' id='word_1_373' title='bbox 630 2461 735 2514; x_wconf 78' lang='lat' dir='ltr'><strong>puls.</strong></span> <span class='ocrx_word' id='word_1_374' title='bbox 766 2461 830 2501; x_wconf 84' lang='lat' dir='ltr'><strong>Sic</strong></span> <span class='ocrx_word' id='word_1_375' title='bbox 855 2461 1041 2516; x_wconf 88' lang='lat' dir='ltr'><strong>antiqui,</strong></span> <span class='ocrx_word' id='word_1_376' title='bbox 1073 2476 1158 2503; x_wconf 90' lang='lat' dir='ltr'><strong>non</strong></span> <span class='ocrx_word' id='word_1_377' title='bbox 1178 2472 1221 2502; x_wconf 80' lang='lat' dir='ltr'><strong>at</strong></span> <span class='ocrx_word' id='word_1_378' title='bbox 1244 2475 1329 2501; x_wconf 85' lang='lat' dir='ltr'><strong>cum</strong></span> <span class='ocrx_word' id='word_1_379' title='bbox 1346 2461 1477 2514; x_wconf 66' lang='lat' dir='ltr'><strong>pulsa.</strong></span> 
     </span>
    </p>

    <p class='ocr_par' dir='ltr' id='par_1_19' title="bbox 284 2514 1593 2667">
     <span class='ocr_line' id='line_1_44' title="bbox 340 2514 1587 2568; baseline -0.002 -12"><span class='ocrx_word' id='word_1_380' title='bbox 340 2525 431 2556; x_wconf 83' lang='lat'><strong>286.</strong></span> <span class='ocrx_word' id='word_1_381' title='bbox 464 2515 639 2556; x_wconf 80' lang='lat' dir='ltr'><strong>Frontis.</strong></span> <span class='ocrx_word' id='word_1_382' title='bbox 665 2515 817 2568; x_wconf 20' lang='lat' dir='ltr'><strong>&#39;Scripti</strong></span> <span class='ocrx_word' id='word_1_383' title='bbox 852 2529 1008 2557; x_wconf 86' lang='lat' dir='ltr'><strong>omnes.</strong></span> <span class='ocrx_word' id='word_1_384' title='bbox 1033 2518 1093 2557; x_wconf 82' lang='lat' dir='ltr'><strong>R.</strong></span> <span class='ocrx_word' id='word_1_385' title='bbox 1129 2531 1162 2556; x_wconf 83' lang='lat'><strong>1.</strong></span> <span class='ocrx_word' id='word_1_386' title='bbox 1194 2516 1328 2555; x_wconf 87' lang='lat' dir='ltr'><strong>Parm.</strong></span> <span class='ocrx_word' id='word_1_387' title='bbox 1361 2515 1501 2555; x_wconf 77' lang='lat' dir='ltr'><strong>Renes.</strong></span> <span class='ocrx_word' id='word_1_388' title='bbox 1537 2514 1587 2554; x_wconf 84' lang='lat' dir='ltr'>In</span> 
     </span>
     <span class='ocr_line' id='line_1_45' title="bbox 284 2568 1593 2621; baseline -0.001 -11"><span class='ocrx_word' id='word_1_389' title='bbox 284 2572 339 2614; x_wconf 83' lang='lat' dir='ltr'><strong>R.</strong></span> <span class='ocrx_word' id='word_1_390' title='bbox 375 2580 411 2610; x_wconf 76' lang='lat'><strong>2.</strong></span> <span class='ocrx_word' id='word_1_391' title='bbox 439 2570 590 2621; x_wconf 72' lang='lat' dir='ltr'><strong>fronte.</strong></span> <span class='ocrx_word' id='word_1_392' title='bbox 626 2570 736 2609; x_wconf 89' lang='lat' dir='ltr'><strong>Aliis</strong></span> <span class='ocrx_word' id='word_1_393' title='bbox 753 2570 886 2620; x_wconf 80' lang='lat' dir='ltr'><strong>fronti</strong></span> <span class='ocrx_word' id='word_1_394' title='bbox 912 2584 956 2612; x_wconf 88' lang='lat' dir='ltr'><strong>ut</strong></span> <span class='ocrx_word' id='word_1_395' title='bbox 988 2571 1032 2610; x_wconf 89' lang='lat' dir='ltr'><strong>in</strong></span> <span class='ocrx_word' id='word_1_396' title='bbox 1057 2572 1186 2613; x_wconf 81' lang='lat' dir='ltr'><strong>Drak.</strong></span> <span class='ocrx_word' id='word_1_397' title='bbox 1224 2570 1288 2612; x_wconf 87' lang='lat' dir='ltr'><strong>lb.</strong></span> <span class='ocrx_word' id='word_1_398' title='bbox 1314 2569 1504 2612; x_wconf 79' lang='lat' dir='ltr'><strong>Reddita.</strong></span> <span class='ocrx_word' id='word_1_399' title='bbox 1533 2568 1593 2610; x_wconf 71' lang='lat' dir='ltr'>Iti</span> 
     </span>
     <span class='ocr_line' id='line_1_46' title="bbox 288 2622 706 2667; baseline -0.01 0"><span class='ocrx_word' id='word_1_400' title='bbox 288 2639 323 2667; x_wconf 82' lang='lat' dir='ltr'><strong>c.</strong></span> <span class='ocrx_word' id='word_1_401' title='bbox 350 2624 397 2664; x_wconf 92' lang='lat' dir='ltr'><strong>P.</strong></span> <span class='ocrx_word' id='word_1_402' title='bbox 422 2622 473 2665; x_wconf 56' lang='lat' dir='ltr'><strong>R&#39;I</strong></span> <span class='ocrx_word' id='word_1_403' title='bbox 498 2639 533 2665; x_wconf 87' lang='lat'><strong>2.</strong></span> <span class='ocrx_word' id='word_1_404' title='bbox 557 2623 706 2664; x_wconf 82' lang='lat' dir='ltr'><strong>dedita.</strong></span> 
     </span>
    </p>

    <p class='ocr_par' dir='ltr' id='par_1_20' title="bbox 336 2676 1558 2737">
     <span class='ocr_line' id='line_1_47' title="bbox 336 2676 1558 2737; baseline 0.001 -15"><span class='ocrx_word' id='word_1_405' title='bbox 336 2682 432 2724; x_wconf 81' lang='lat'><strong>288.</strong></span> <span class='ocrx_word' id='word_1_406' title='bbox 457 2678 675 2724; x_wconf 71' lang='lat' dir='ltr'><strong>Teuthras.</strong></span> <span class='ocrx_word' id='word_1_407' title='bbox 697 2676 771 2723; x_wconf 84' lang='lat' dir='ltr'><strong>Ad</strong></span> <span class='ocrx_word' id='word_1_408' title='bbox 787 2678 937 2727; x_wconf 67' lang='lat' dir='ltr'><strong>imitat.</strong></span> <span class='ocrx_word' id='word_1_409' title='bbox 952 2679 1078 2736; x_wconf 81' lang='lat' dir='ltr'><strong>Iopae.</strong></span> <span class='ocrx_word' id='word_1_410' title='bbox 1101 2677 1153 2722; x_wconf 84' lang='lat' dir='ltr'>In</span> <span class='ocrx_word' id='word_1_411' title='bbox 1171 2679 1348 2737; x_wconf 82' lang='lat' dir='ltr'><strong>Virgilio</strong></span> <span class='ocrx_word' id='word_1_412' title='bbox 1363 2706 1378 2732; x_wconf 84' lang='lat'><em>‚</em></span> <span class='ocrx_word' id='word_1_413' title='bbox 1403 2679 1438 2724; x_wconf 90' lang='lat'><strong>1.</strong></span> <span class='ocrx_word' id='word_1_414' title='bbox 1466 2691 1558 2730; x_wconf 86' lang='lat'><strong>740·</strong></span> 
     </span>
    </p>
   </div>
   <div class='ocr_carea' id='block_1_3' title="bbox 1487 2745 1582 2782">
    <p class='ocr_par' dir='ltr' id='par_1_21' title="bbox 1487 2745 1582 2782">
     <span class='ocr_line' id='line_1_48' title="bbox 1487 2745 1582 2782; baseline -0.021 0"><span class='ocrx_word' id='word_1_415' title='bbox 1487 2745 1582 2782; x_wconf 74' lang='lat'><strong>291·</strong></span> 
     </span>
    </p>
   </div>
  </div>
 </body>
</html>
