1653 3056
32 573 128 615 490

32 907 125 953 495

36 1242 127 1287 500

35 1578 123 1625 505

36 1914 127 1961 510

37 2255 126 2301 515

32 2590 130 2643 520

519 183 1082 244 L1BERVI.
1370 212 1473 269 119

167 282 285 334 Haec
312 281 579 345 referenda,
610 283 707 347 pari
729 283 865 331 libeat
891 281 921 330 fi
945 283 1145 345 pendere
1172 282 1348 332 bellum

165 350 359 400 Foedere
377 389 387 407 ‚
410 356 450 398 δε
479 368 537 397 ex
561 368 689 415 aequo
712 350 919 417 geminas
948 349 1234 398 conscribere
1254 351 1397 420 leges.

165 418 257 467 Sed
288 417 404 466 mihi
425 418 473 466 sit
496 420 679 486 Stygios
708 434 813 466 ante
843 417 1069 466 intravisse
1096 433 1281 481 penates
1299 459 1312 482 ‚

167 486 304 536 Talia
329 485 466 550 quam
489 486 673 536 videam
695 486 909 535 ferientes
929 487 1056 547 pacla
1076 485 1281 535 Latinos-

232 553 351 601 Haec
383 553 503 602 fatus
529 554 683 619 Tyriae
709 554 800 601 sese
827 553 920 617 jam
944 552 1137 600 reddidit
1162 553 1235 602 irae
1252 594 1264 615 ‚

168 620 275 669 Nec
297 622 496 670 monitus
518 621 755 685 spernente
782 637 944 686 graves
966 619 1168 684 fidosque
1192 623 1363 671 Senatu
1378 659 1396 682 ,

166 687 414 737 Poenorum
443 688 619 738 dimissa
645 689 834 749 cohors,
857 706 956 753 quae
984 689 1131 736 maesta
1152 691 1329 752 repulsd
1346 729 1362 750 ‚

167 756 240 804 Ac
267 755 476 806 minitans
502 771 635 820 capto
654 795 668 815 ,
696 756 860 820 patrias
883 757 1156 818 properabat
1182 757 1237 804 ad
1266 776 1381 807 oras.

165 823 455 888 Prosequitur
478 825 641 892 vulgus
660 823 813 872 Patres
833 842 847 885 3
867 840 921 870 ac
944 822 1196 884 planctibus
1219 826 1382 891 ingens

163 890 378 939 Personat
400 898 442 941 ὃ(
462 892 585 940 luctu
607 909 809 954 campus.
832 890 1074 940 Revocare
1095 890 1269 940 libebat

165 959 401 1006 Interdum
418 997 431 1019 ,
451 964 493 1008 δε
518 960 629 1026 justo
654 973 839 1022 raptum
864 956 1057 1006 retinere
1081 958 1257 1007 dolore.

231 1024 298 1073 At
318 1026 491 1089 trepida
507 1065 520 1088 ,
546 1032 588 1076 &
607 1025 752 1074 subito
781 1042 864 1087 ceu
891 1025 1005 1072 stans
1027 1024 1074 1072 in
1095 1025 1280 1088 funere,
1306 1026 1480 1092 conjux

163 1091 237 1140 Ut
261 1091 374 1140 vidit
400 1093 544 1156 puppi
575 1107 896 1157 properantem
921 1091 1114 1154 intrare,
1138 1095 1429 1144 tremendum

164 1158 466 1221 Vociferans‚
493 1161 696 1209 celerem
721 1159 916 1227 gressum
936 1159 1163 1209 referebat
1185 1161 1242 1210 ad
1266 1163 1409 1211 undas
1433 1183 1447 1212 ε
1479 1220 1483 1226 .

164 1225 340 1275 Tollite
362 1245 466 1289 me,
489 1227 676 1291 Libyes,
697 1228 917 1277 comitem
938 1245 1176 1293 poenaeque
1192 1229 1427 1295 necisque.

164 1293 277 1342 Hoc
298 1312 470 1356 unum,
494 1296 692 1363 conjux,
720 1294 837 1344 uteri
855 1313 937 1358 per
963 1295 1156 1362 pignora
1179 1297 1317 1346 nostri

166 1360 334 1411 Unum
360 1381 440 1411 oro
456 1402 469 1424 ‚
493 1362 630 1411 liceat
655 1378 810 1412 tecum
839 1361 1134 1427 quoscunque
1157 1364 1386 1414 ferentem

163 1428 417 1477 Terrarum
437 1430 683 1497 pelagique
710 1429 831 1493 pati,
856 1429 1054 1494 coelique
1081 1430 1277 1481 labores-

164 1495 279 1544 Non
301 1514 389 1564 ego
416 1497 711 1561 Amyclaeum
734 1497 970 1544 duROrem
993 1496 1223 1562 infproelia
1246 1499 1378 1558 misi,

162 1563 270 1612 Nec
293 1564 448 1612 nostris
472 1577 549 1612 tua
570 1564 670 1612 sunt
695 1563 981 1612 circumdata
1006 1564 1126 1612 colla
1148 1567 1317 1614 catenis
1332 1606 1345 1626 ,

165 1630 264 1679 Cur
289 1630 433 1695 usque
462 1631 520 1678 ad
537 1630 703 1679 Poenos
721 1630 934 1679 miseram
948 1629 1099 1697 fugis?
1119 1633 1278 1694 accipe
1289 1649 1477 1684 mecum

163 1697 305 1746 Hanc
330 1698 510 1761 prolem
534 1718 545 1748 :
571 1698 722 1746 forsan
750 1698 881 1745 duras
906 1697 1194 1765 Carthaginis
1220 1700 1306 1749 iras

163 1764 422 1815 Fle&enius
443 1765 658 1829 lacrymis
678 1785 688 1814 ε
713 1779 788 1814 aut
812 1765 843 1814 fi
864 1765 1141 1828 praecluserit
1166 1784 1297 1816 aures

163 1833 292 1882 Urbs
314 1832 501 1882 inimica
529 1833 656 1891 suas,
681 1833 845 1881 eadem
865 1847 975 1881 tunc
1001 1833 1113 1882 hora
1135 1836 1340 1884 manebit

162 1899 329 1965 Teque
345 1942 358 1963 ‚
380 1900 571 1966 tuosque
595 1901 728 1950 simul
749 1922 761 1951 ε
787 1901 864 1950 vel
887 1900 916 1948 fi
937 1900 1017 1949 stat
1038 1919 1251 1964 rumpere
1270 1903 1412 1953 vitam
1425 1929 1445 1969 2-

164 1970 220 2017 In
246 1967 396 2017 Patri&
416 1967 669 2018 moriamur
693 1989 704 2017 z
728 1968 848 2018 adest
870 1985 1026 2016 comes
1050 1969 1211 2017 ultima
1233 1969 1332 2022 fati.

234 2036 334 2085 Has
358 2036 473 2086 inter
496 2054 636 2087 voces
653 2076 663 2095 ,
685 2035 850 2085 vinclis
878 2035 1074 2083 resoluta
1096 2037 1277 2088 moveri

164 2101 433 2166 Paullatim,
461 2110 502 2153 &
527 2104 626 2167 ripa-“1
654 2103 795 2167 coepit
822 2102 1046 2151 decedere
1070 2105 1254 2166 puppis,

166 2169 298 2233 Tum
320 2171 432 2221 vero
459 2171 620 2221 infelix
638 2182 848 2229 ¹mentem
871 2168 1037 2219 furiata
1063 2170 1223 2220 dolore

166 2237 430 2302 Exclamat,
455 2238 586 2288 fessas
611 2238 800 2288 tendens
822 2236 878 2285 ad
907 2236 1048 2285 sidera
1070 2238 1244 2300 palmas
1265 2259 1277 2288 ε

165 2306 237 2356 En
255 2346 268 2368 ,
291 2306 370 2372 qui
396 2308 439 2355 se
465 2306 598 2370 {astat
619 2304 778 2370 Libyae
798 2344 812 2367 ,
835 2304 1104 2368 populisque
1134 2306 1343 2355 nefandis

165 2373 326 2439 Atque
345 2371 458 2423 hosti
483 2372 660 2423 servare
683 2373 823 2421 fidem
845 2380 855 2420 ¹.
880 2371 984 2420 data
1004 2371 1179 2422 foedera
1201 2374 1333 2422 nobis
1352 2415 1365 2436 ‚

168 2441 246 2488 Ac
263 2441 475 2504 promissa
494 2441 607 2489 fides
628 2438 838 2488 thalamis
854 2479 866 2500 ,
888 2438 992 2497 ubi,
1011 2439 1183 2503 perfide
1197 2481 1209 2500 ,
1230 2458 1356 2490 nunc
1379 2440 1440 2493 est
1455 2452 1476 2493 t

166 2507 350 2557 Ultima
372 2526 469 2559 vox
487 2508 619 2557 duras
640 2508 737 2557 haec
754 2521 866 2556 tunc
886 2506 1139 2570 penetravit
1159 2508 1216 2556 ad
1242 2526 1370 2557 aures
1390 2529 1403 2558 ε

168 2574 345 2625 Caetera
365 2575 560 2639 percuffi
580 2588 823 2626 vetuerunt
846 2573 1034 2623 noscere
1051 2573 1182 2624 remi.

232 2641 363 2691 Tum
387 2642 526 2693 fluvio
553 2643 720 2707 raptim
744 2641 803 2692 ad
826 2641 982 2710 pelagi
1003 2641 1295 2693 devolvimur
1317 2660 1447 2706 oras,

167 2708 244 2766 Ac
264 2709 463 2782 legimus
482 2723 677 2782 pontum
693 2750 707 2775 ‚
728 2711 932 2778 pinuque
953 2709 1139 2779 juvante
1159 2709 1318 2762 cavatfi
1336 2749 1353 2775 ,
