1627 3056
346 111 1139 161 inTathJM.L113.x.
1344 120 1401 170 8⁷5²

142 191 206 229 86.
239 186 403 228 Avocat
429 187 609 240 ignarum
635 188 739 229 saevo
762 202 785 228 a
810 189 1045 229 certamine.
1071 189 1120 228 C.
1158 187 1253 230 Col.
1278 192 1398 230 redte.

84 241 226 283 Benes.
253 247 422 283 advocat
453 242 540 281 hinc
563 257 719 282 navum.
752 243 862 282 Aliis
890 244 995 284 male
1018 248 1188 284 advocat
1208 243 1396 297 ignavum

77 299 192 350 soeva
221 303 273 337 ad
296 297 522 336 certamina.

141 365 231 400 104.
259 351 446 404 Agmine.
474 352 578 390 Tam
608 351 659 390 de
688 350 836 403 impetu
858 365 979 405 quam
1007 349 1060 392 de
1085 351 1214 391 turmli
1243 350 1394 404 axipe.

84 402 135 444 In
163 420 194 444 c.
223 406 300 445 Col
326 404 511 459 agmina,
541 406 659 445 maie.

146 473 233 510 ¹07·
261 460 403 500 Galeri.
432 459 479 497 In
504 461 554 500 R.
585 473 619 498 2.
641 459 779 513 galeae.

143 528 230 553 112.
262 513 469 555 Vocantis.
499 516 622 554 Recte
644 515 796 566 Heyns.
815 515 863 554 In
884 528 917 554 c.
940 514 1033 554 Col.
1057 528 1183 567 prope
1199 515 1396 554 vacantis.

82 566 134 606 In
155 583 187 607 c.
213 569 258 608 Ρ.
285 580 482 609 vocantes.
512 568 618 608 Vide
646 570 793 622 virgil.
817 570 871 609 II.
900 573 971 614 338
990 600 1000 616 ,
1033 574 1072 609 &
1092 570 1184 609 XII.
1217 583 1304 613 127.
1334 571 1397 610 Sic

85 623 129 661 in
167 625 263 662 Stat.
297 625 405 674 Sylv.
440 623 468 662 l.
506 624 557 664 V.
589 623 816 674 Protreptr.
848 625 1021 677 Crispin.
1058 638 1099 663 v.
1137 628 1226 674 148.
1263 626 1400 665 Notat

83 677 238 728 Heyns.
266 677 501 718 vacantibus
527 690 600 731 pro
620 680 866 719 vocantibus.

143 746 232 778 113.
261 732 328 771 En
360 734 532 780 medias,
564 737 638 772 &c.
675 735 804 773 Locus
832 734 1057 786 desperatus
1087 732 1177 771 aliis
1207 737 1247 773 δε
1268 733 1401 774 Drak.

83 787 223 825 Scribo
255 802 333 836 en,
362 787 636 827 indicantibus
664 789 789 828 tribus
820 789 968 840 scriptis
997 791 1035 827 ὃς
1062 786 1160 826 edit.
1185 788 1401 840 principib.

86 839 156 879 ubi
180 842 247 889 &;
265 856 351 894 quae
369 841 568 894 saepiffim‘e
585 855 805 882 mutantur.
833 844 945 884 Dein
965 842 1077 892 hasta
1095 842 1137 880 in
1158 843 1274 881 sexto
1295 846 1401 882 casu.

85 896 250 948 Nempe
278 897 400 937 velox
433 897 690 950 praetervolat
719 912 832 937 auras
863 912 955 937 cum
988 896 1106 936 hasta.
1134 897 1258 945 Cujus
1285 897 1399 936 idio-

86 949 194 988 tismi
227 951 340 1003 plura
368 953 457 991 sunt
481 952 666 1003 exempla
690 952 731 990 in
754 955 890 1004 po'eta.
913 974 955 982 —-
981 952 1133 990 [mitat.
1158 952 1302 1005 Virgii.
1325 951 1398 991 lx.

22 1030 27 1031 ν
89 1017 151 1051 5¹·
178 1005 349 1046 Putidus
375 1007 430 1046 est
459 1006 523 1045 hic
552 1006 762 1048 Nicander
789 1009 860 1062 qui
890 1007 1030 1047 locum
1059 1006 1186 1060 magis
1219 1007 1400 1060 corrupit

88 1057 234 1099 addito
265 1062 379 1100 versu
404 1075 413 1101 :

196 1132 223 1149 ce
241 1114 485 1154 Stridentem
510 1114 654 1169 gelidis
679 1115 854 1155 vibrabit
878 1115 1030 1155 viribus
1057 1114 1204 1154 hastam
1223 1145 1234 1162 ,

193 1187 221 1204 υ
239 1169 338 1217 Quae
360 1169 513 1209 medias
540 1171 687 1223 raptim
710 1173 835 1211 velox
854 1171 1113 1223 praetervolat
1133 1183 1247 1209 auras
1264 1188 1307 1210 υ.

83 1219 164 1263 Sed
187 1223 333 1273 raptim
359 1237 443 1264 non
469 1225 594 1264 exstat
618 1226 661 1264 in
688 1226 865 1280 antiquis
886 1257 896 1272 ,
925 1239 965 1264 at
993 1224 1130 1275 hasta,
1153 1238 1273 1277 quam
1306 1237 1399 1263 cum

85 1276 175 1371 :giis
209 1280 360 1331 accepit
392 1280 436 1318 in
465 1281 601 1332 ptimo
637 1281 724 1320 casu
749 1311 760 1328 ,
801 1281 984 1333 turpiter.
1016 1282 1108 1320 Nec
1141 1280 1267 1332 magis
1299 1280 1401 1332 sapit

137 1334 221 1371 rak.

144 1400 234 1433 115.
254 1386 425 1427 Senium.
454 1387 607 1428 Imitat.
632 1388 779 1442 Virgil.
802 1389 857 1427 ΙΙ.
889 1403 980 1438 543.
1008 1390 1086 1442 seq.
1114 1401 1166 1428 ex
1192 1389 1399 1427 Homero.

146 1454 234 1490 124.
271 1440 423 1494 libyca}
446 1444 576 1494 fitam
600 1474 615 1490 ,
647 1448 722 1484 &a
760 1443 854 1483 Sine
892 1445 1002 1484 sensu
1044 1445 1173 1484 Drak.
1207 1442 1400 1496 Lybicam

79 1495 172 1547 fttli
201 1495 368 1544 tellure,
395 1511 416 1536 e
442 1512 474 1537 c.
501 1498 594 1537 Col.

146 1558 234 1589 126.
262 1549 423 1591 Rabidi.
449 1554 570 1592 Re&e
592 1565 624 1591 c.
648 1552 742 1592 Col.
772 1552 856 1591 Ox.
884 1553 935 1593 R.
965 1566 1000 1591 2.
1026 1551 1136 1591 Aliis
1159 1551 1303 1603 rapidi.
1329 1548 1394 1590 Ibi

83 1605 317 1658 jamdudum
336 1621 347 1642 .·
365 1606 408 1645 id
430 1607 482 1644 est
496 1638 504 1653 ‚
530 1606 742 1658 extemplo.

142 1673 230 1708 140.
257 1659 482 1713 Transcgit.
501 1662 644 1713 Scripti
673 1665 711 1701 ὅ(
738 1662 790 1701 R.
820 1675 854 1699 2.
879 1659 970 1699 Nifi
997 1675 1030 1700 c.
1059 1661 1104 1701 P.
1132 1659 1402 1714 transadigit,

88 1727 133 1753 ut
157 1714 300 1768 Vir-gil.
333 1716 359 1754 1.
388 1715 460 1756 IX.
486 1731 582 1765 431.
609 1715 689 1756 Sed
723 1714 816 1754 vide
847 1715 917 1753 Sil.
949 1715 977 1755 l.
1008 1717 1056 1755 V.
1084 1731 1160 1766 473
1181 1747 1192 1764 ,
1223 1717 1251 1756 1.
1280 1714 1399 1756 XIII.

86 1781 181 1818 229.

146 1830 234 1872 14²·-
263 1821 447 1863 Plenam.
483 1823 638 1863 Confer
661 1824 759 1861 Stat.
781 1822 898 1861 VIII.
926 1829 1017 1872 699.

148 1886 236 1916 162.
263 1878 446 1928 Demifit.
476 1878 524 1915 C.
550 1876 645 1914 Col.
674 1876 720 1914 P.
748 1877 851 1915 Aliis
876 1876 1072 1927 deprfft.

144 1940 234 1977 165.
260 1932 444 1986 Cognita.
466 1930 529 1971 Sic
558 1941 701 1969 omnes
727 1934 765 1969 ὃ(
787 1933 912 1979 τεᾶς,
938 1944 1024 1972 non
1049 1932 1226 1985 confita,
1251 1942 1295 1973 ut
1311 1931 1404 1975 vult

87 1985 150 2025 hic
171 1987 238 2025 He
270 1986 325 2025 ns.

153 2002 331 2087 169.y3ic
360 2037 570 2093 Sarpedon
596 2050 639 2078 ut
665 2037 771 2078 vasta
795 2053 963 2094 quercus
990 2040 1097 2081 cadit
1118 2041 1162 2081 in
1184 2041 1403 2090 Homero,

88 2095 199 2134 XVI.
225 2104 273 2145 48
285 2110 318 2134 2.

147 2163 237 2200 175.
271 2147 409 2199 Tristi.
438 2148 485 2187 C.
517 2148 612 2187 Col.
639 2150 755 2187 rene.
786 2143 892 2188 ‘Aliis
922 2148 1058 2199 tristis.

145 2211 236 2254 176.
265 2204 394 2244 Hunc.
424 2203 486 2241 Sic
512 2215 668 2241 omnes.
697 2202 808 2242 Male
837 2204 966 2245 Drak.
992 2205 1110 2253 hinc,
1129 2204 1212 2245 fine
1235 2203 1330 2244 fide.

149 2267 238 2298 181.
272 2259 449 2310 Utraque
473 2257 522 2294 In
547 2271 580 2295 c.
609 2257 702 2296 Col.
726 2256 874 2309 utrique
903 2275 916 2298 .-
945 2259 1037 2299 hinc
1064 2258 1173 2300 forte
1198 2260 1400 2300 veriffime

89 2311 249 2367 legebat
274 2314 425 2364 Heyns.
457 2325 569 2350 coxae
587 2334 628 2341 --
644 2311 804 2363 utrique.

157 2372 242 2407 182.
268 2366 398 2418 Super
420 2381 431 2403 .·
454 2365 592 2405 vomz't.
613 2367 676 2406 Sic
699 2370 802 2407 reae
821 2381 855 2406 c.
878 2367 970 2407 Col.
989 2369 1121 2421 Prope
1142 2382 1175 2408 c.
1191 2368 1276 2408 Ox.
1290 2366 1402 2410 divi-

94 2420 166 2460 nm
183 2424 304 2473 super
325 2432 467 2461 vomet.
493 2421 596 2460 Male
613 2419 702 2460 aliis
720 2421 967 2474 supervomit
987 2423 1053 2463 vel
1073 2422 1313 2476 supervenit.

153 2484 241 2525 184.
264 2476 394 2517 Subit.
422 2476 517 2524 Quo
544 2477 655 2516 sensu
674 2478 834 2518 Lucret.
854 2477 926 2516 VI.
948 2491 1064 2528 1244.
1087 2477 1224 2530 subire
1238 2477 1375 2518 letum.

152 2533 239 2576 185.
261 2531 409 2572 Coorti.
437 2531 559 2571 Reae
582 2530 630 2571 fic
654 2545 796 2572 omnes
815 2547 824 2571 ε
843 2530 887 2570 id
907 2532 983 2579 est,
1012 2533 1202 2572 irruentes
1216 2564 1232 2581 ,
1251 2545 1403 2587 magno

91 2584 266 2625 hostium
286 2586 446 2626 terrori.
470 2586 532 2625 Sic
549 2586 660 2626 Livi.
671 2587 780 2626 XXI.
806 2600 868 2633 32.
895 2587 1029 2627 coorti
1048 2588 1091 2626 in
1108 2601 1306 2641 pugnam,
1322 2592 1401 2629 &a

93 2638 140 2685 L.
161 2639 255 2683 VII.
283 2655 321 2701 i·
344 2641 524 2684 omnihus
548 2641 589 2684 in
611 2656 696 2688 eum
720 2641 882 2685 coortis.
908 2643 954 2692 L.
982 2641 1113 2685 xxu.
1140 2651 1206 2694 46.
1227 2642 1402 2687 Vultur·
