1653 3056
132 170 212 251 '54‘
475 158 1219 238 S1L11ITA⁵111ct

271 276 408 327 Dieta
426 276 751 325 admiscentem
771 297 781 325 :
805 297 831 323 (ι
854 276 1080 340 Quaenam
1099 290 1145 324 te
1159 314 1172 335 ,
1189 276 1332 324 Poene
1346 313 1359 337 ,
1378 285 1575 340 paternae

275 345 390 393 Huc
410 344 600 410 adigunt
625 344 751 393 furia:
771 356 784 391 Ξ
811 361 905 391 non
925 344 1023 393 haec
1045 343 1230 392 Sidonia
1253 345 1369 392 teRa

140 426 235 475 445
273 411 494 460 Feminea
517 412 738 460 fabricata
759 428 926 469 mann,
950 411 1156 474 pretiove
1177 426 1330 474 parata
1345 448 1361 468 ,

273 478 574 528 Exsulibusve
601 480 754 527 datum
775 519 787 541 ,
807 478 1027 526 dernensis
1042 517 1055 539 ,
1081 478 1184 527 litus
1200 518 1212 539 ,
1237 478 1400 527 arenis.

271 546 594 596 Fundamenta
615 546 773 596 Defim
791 585 803 607 ,
836 546 1138 611 Romanaque
1162 546 1336 596 foedera
1361 542 1508 595 cernis
1528 562 1576 595 »-

272 614 354 662 Ast
374 614 531 676 illum,
557 628 652 663 toto
675 614 917 681 ja&antem
944 613 1049 662 talia
1072 631 1237 677 campo
1254 653 1266 676 ‚

271 681 456 748 Ingenti
480 696 659 745 raptum
682 680 804 743 nisu,
825 681 1072 744 medioque
1096 681 1303 731 virorum

138 764 236 811 450
270 748 500 799 Avulsum
530 750 647 798 inter
668 749 759 798 tela
792 749 931 815 globo
948 788 960 809 ‚
983 754 1024 797 &
1051 749 1147 812 post
1169 763 1298 816 terga
1321 746 1579 798 revinCtum

271 816 513 865 Hannibal
538 816 595 864 ad
613 833 798 879 poenam
819 816 950 864 lentae
974 815 1270 865 mandaverat
1292 815 1393 878 irae3
1561 823 1563 825 ’

270 883 644 949 Increpitansque
662 882 763 933 suos
779 882 937 932 inferri
956 882 1078 950 signa
1097 883 1283 948 jubebat
1305 902 1315 930 :

266 951 447 1015 Perque
471 951 587 1014 ipsos
612 951 744 999 caedis
770 951 1007 1012 cumulos,
1031 952 1314 1017 stragemque
1345 947 1576 1011 jacentum

269 1018 551 1068 Monstrabat
567 1018 838 1068 furibundus
863 1017 948 1067 iter
965 1059 977 1080 ,
999 1019 1271 1084 cun&osque
1290 1017 1440 1067 ciebat

135 1099 228 1148 ἐκεῖ
266 1085 475 1136 Nomine
489 1127 500 1148 ,
514 1093 555 1136 8<
573 1087 621 1135 in
638 1086 838 1151 praedam
851 1086 1038 1135 stantem
1056 1086 1193 1134 dabat
1210 1088 1443 1148 improbus
1456 1086 1633 1133 urbem.

333 1153 427 1203 Sed
452 1156 686 1218 postquam
708 1171 734 1202 a
752 1152 935 1216 trepidis
946 1153 1172 1214 adlatum,
1192 1153 1373 1202 fervere
1396 1166 1572 1215 partem

267 1220 515 1271 Diversam
537 1221 688 1270 Marte
713 1220 929 1281 infausto,
953 1220 1203 1284 Murroque
1225 1219 1443 1269 secundos

266 1287 414 1336 Hunc
439 1289 638 1352 Superos
661 1286 858 1337 tribuisse
884 1288 1005 1336 diem
1023 1327 1035 1348 ‚
1064 1287 1150 1335 ruit
1172 1287 1294 1335 ocius
1315 1305 1473 1336 amens

266 1355 529 1420 Lymphato
552 1355 684 1404 eursu
699 1393 713 1414 ‚
735 1369 868 1421 atque
888 1354 1094 1423 ingentes
1115 1354 1275 1402 deserit
1294 1357 1443 1405 aCtus:

131 1441 157 1482 4
170 1428 230 1471 60
265 1421 615 1487 Letiferumque
635 1438 796 1472 nutant
813 1421 1043 1490 fulgentes
1059 1422 1230 1473 vertice
1250 1424 1385 1471 cristae
1403 1442 1418 1485 3

272 1490 416 1539 Crine
436 1505 487 1541 ut
507 1490 781 1540 flammifero
802 1505 938 1540 terret
960 1490 1059 1539 fera
1076 1507 1218 1557 regna
1245 1507 1447 1538 cometes

267 1558 584 1625 Sanguineum
603 1560 817 1626 spargens
838 1558 995 1625 ignem
1011 1577 1025 1620 3
1043 1557 1189 1608 vomit
1208 1571 1303 1606 atra
1320 1561 1532 1608 rubentes

266 1623 365 1673 Fax
392 1627 514 1675 coelo
539 1625 713 1686 radios,
738 1632 779 1675 &
800 1623 916 1674 saevsi
935 1626 1040 1674 luce
1065 1625 1305 1674 coruscum

263 1692 491 1743 Scintillat
516 1693 631 1742 fidus
648 1734 660 1756 ‚
682 1693 898 1758 terrisque
920 1708 1123 1742 extrema
1145 1692 1360 1743 minatur.

129 1767 224 1822 465
260 1758 486 1824 Praecipiti
505 1761 613 1810 dant
632 1761 724 1811 tela
749 1762 902 1823 viam,
926 1762 1035 1810 dant
1055 1761 1202 1828 figna,
1221 1760 1397 1826 virique
1418 1780 1434 1824 3

262 1827 419 1893 Atque
443 1831 588 1877 ambae
608 1828 837 1893 trepidant
855 1829 975 1878 acies
1000 1850 1009 1877 :
1037 1829 1146 1891 jacit
1169 1829 1330 1896 igneus
1351 1829 1481 1877 hastae

261 1895 434 1944 Dirum
454 1897 617 1945 lumen
636 1915 778 1961 apex,
800 1914 855 1946 ac
872 1898 963 1946 late
986 1897 1190 1962 fulgurat
1207 1898 1364 1947 umbO.

263 1963 431 2027 Qualis
453 1964 533 2014 ubi
552 1962 712 2033 AEgaeo
736 1965 946 2032 surg-ente
966 1965 1023 2013 ad
1044 1965 1183 2013 sidera
1206 1979 1348 2027 ponto

258 2029 346 2079 Per
365 2031 561 2098 longum
581 2034 704 2082 vasto
724 2034 834 2082 Cori
859 2049 968 2081 cum
989 2050 1220 2081 murmure
1240 2031 1398 2081 fluetus

125 2114 224 2160 470
260 2098 540 2161 Suspensum
561 2098 607 2148 in
627 2099 765 2150 terras
785 2114 934 2164 portat
953 2118 1103 2163 mare3
1124 2099 1289 2166 frigida
1310 2098 1455 2148 nautis

260 2165 413 2215 Corda
427 2180 627 2215 tremunt
642 2188 651 2215 ε
669 2167 795 2216 sonat
806 2167 885 2215 ille
897 2169 1081 2231 procul,
1096 2167 1296 2232 flatuque
1308 2166 1564 2219 tumescens

257 2233 470 2283 Curvatis
488 2235 674 2298 pavidas
695 2234 899 2284 tramittit
918 2234 1143 2296 Cycladas
1167 2234 1312 2284 undis,

259 2299 373 2348 Non
397 2304 558 2351 cuneta
583 2321 607 2351 e
635 2304 774 2352 muris
799 2320 941 2351 unum
963 2302 1222 2351 incessentia
1249 2302 1337 2352 tela
1354 2342 1367 2363 ‚

256 2367 593 2434 Fumantesque
617 2386 720 2419 ante
747 2388 824 2418 ora
845 2370 996 2430 faces,
1019 2388 1112 2418 non
1135 2369 1237 2418 saxa
1255 2388 1337 2432 per
1355 2381 1499 2423 artem

117 2450 215 2502 {5475
254 2435 521 2486 Tor-mentis
542 2437 723 2487 excussa
745 2452 913 2487 tenent.
938 2438 1010 2486 Ut
1029 2436 1232 2504 tegmina
1258 2426 1454 2499 prini'uih

255 2502 494 2570 Fulgentis
518 2505 657 2570 galeae
681 2504 945 2568 conspexit,
971 2511 1013 2554 Sc
1035 2523 1161 2553 arma
1183 2501 1376 2555 cruento

254 2573 380 2619 Inter
406 2571 549 2620 solem
574 2590 681 2621 auro
710 2572 962 2634 rutilantia,
985 2572 1188 2621 turbidus
1208 2571 1307 2620 infit
1330 2576 1352 2619 :⁷

253 2638 351 2699 En,
375 2638 451 2704 qui
475 2657 542 2688 res
562 2639 784 2705 Libycas,
811 2640 1101 2704 incoeptaque
1121 2654 1242 2688 tanta
1258 2637 1461 2690 ,retardet

252 2705 451 2757 Romani
470 2706 654 2759 Murrus
677 2707 788 2759 beni
808 2724 952 2763 mora.
978 2706 1171 2761 Foedera
1191 2706 1297 2757 faxo
