1627 3056
239 135 294 175 ‘es
782 134 1020 177 Nora

244 201 270 240 1.
292 199 401 240 XVI.
420 200 570 251 septem
598 205 770 242 denudas
794 219 916 243 arces.
945 205 1025 244 Dic
1052 216 1149 257 ergo
1169 221 1196 239 ec
1217 201 1283 245 sed
1306 216 1438 254 mens,
1466 210 1542 249 ὅτε.

241 273 270 290 ³2
293 255 467 294 stimulat
483 281 494 302 ,
519 256 704 295 hortatur
721 256 882 297 intrasse
900 271 1035 311 portas
1065 259 1230 307 Quirini
1257 258 1355 299 nudi
1381 263 1541 302 auxilio

240 327 268 345 ο.»
289 310 376 361 post
397 322 547 347 tantam
573 310 730 349 cladem
747 325 787 349 23.

302 368 391 411 338,
419 363 564 415 Irzjitia.
587 364 633 402 C.
655 364 747 403 Col.
769 365 875 404 Aliis
896 365 1034 419 nescia.

303 431 391 466 342·
411 417 550 455 Inviti.
573 418 620 458 C.
647 419 739 457 Col.
769 420 813 458 P.
835 421 884 460 R.
907 434 946 461 2.
969 433 1011 459 ut
1029 433 1134 460 certe
1151 433 1201 460 ex
1219 420 1407 461 Homero
1424 420 1545 462 finxit

239 471 375 511 locum
406 475 551 524 poeta,
576 472 623 510 11.
649 473 759 512 XIV.
785 482 875 523 248.
900 473 1005 513 Vide
1027 476 1120 514 ibid.
1147 489 1185 513 v.
1212 489 1301 520 233·
1329 478 1406 529 seq.

302 541 390 575 347.
408 525 544 565 Nede.
561 527 702 578 Scripti
718 557 728 574 ,
745 529 783 567 R
814 541 864 574 23
888 527 959 566 nisi
987 543 1017 567 c.
1047 530 1090 570 P.
1116 540 1269 576 morte;
1291 529 1360 568 sed
1387 529 1539 570 frustra.

240 580 289 619 V.
323 582 399 632 seq.
430 594 533 619 nova
552 597 563 619 .·
589 580 631 620 id
649 581 702 621 est
717 611 729 628 ,
757 582 897 633 gallice
919 585 1110 635 e'tranges.

295 649 385 680 353.
409 633 542 685 Atque
569 635 645 674 ubi.
670 636 718 674 C.
749 635 856 674 Tell.
882 637 989 674 Aliis
1014 636 1072 686 ast
1096 636 1174 675 uhi.

295 697 386 734 365.
411 687 494 727 Per
508 703 637 728 auras.
667 690 729 729 Sic
751 702 894 728 omnes
917 689 988 728 nifi
1017 704 1047 729 c.
1076 691 1168 730 Col.
1191 704 1263 740 per
1287 703 1400 729 aures
1421 705 1433 728 .·
1455 704 1544 744 quae

237 743 337 793 saepe
365 741 580 782 alternant.
608 742 714 781 Vide
737 743 764 782 l.
786 743 859 782 IV.
881 751 970 782 260.

294 800 385 842 368.
414 796 612 837 Scindere.
631 799 754 838 Redite
772 810 926 836 omnes.
953 797 1109 837 Frustra
1123 799 1310 851 scandere
1330 798 1543 838 Casaubon

234 849 318 889 fine
341 849 449 898 fide,
481 852 523 889 in
548 852 677 890 Drak.
700 867 708 889 :
732 864 803 890 nec
832 851 1024 891 audiendi
1053 854 1123 905 qui
1154 866 1309 892 mutare
1335 852 1494 892 volunt.

230 940 233 943 .
294 919 386 954 372.
408 904 566 944 Motus.
592 907 655 944 Sic
683 919 824 945 omnes
848 922 856 944 :
883 918 955 946 nec
988 921 1110 945 muta.
1145 907 1242 946 Vult
1270 906 1439 945 monicus
1463 906 1543 946 fine

237 956 318 997 fide
339 958 549 1010 Heynfius.
575 960 639 998 lh.
659 974 796 999 vanos.
819 961 920 999 Tres
941 961 1097 1012 scripti,
1120 962 1171 1001 R.
1201 975 1236 999 2.
1260 960 1371 999 Aliis
1392 960 1542 1000 varios.

236 1012 317 1052 Sed
346 1027 488 1065 praeter
520 1027 697 1053 mentem
730 1015 881 1054 autoris
901 1046 910 1062 ,
943 1029 985 1054 ut
1013 1028 1120 1067 patet
1151 1030 1190 1055 v.
1222 1023 1327 1065 368,
1356 1029 1434 1054 non
1469 1019 1544 1056 da-

235 1067 355 1106 bitur.
379 1068 529 1120 Ineptit
553 1067 617 1108 hic
640 1069 779 1108 Euzio.

298 1136 388 1172 373.
419 1121 565 1172 Castra.
594 1123 700 1161 Vide
727 1123 830 1161 Livi.
858 1122 987 1161 XXII.
1018 1135 1050 1161 e.
1083 1127 1144 1168 52'.

296 1190 387 1227 375.
412 1177 592 1230 Mensas.
615 1177 664 1215 ln
691 1177 810 1216 Livio
836 1178 1065 1225 Maharbal,
1092 1190 1175 1216 non
1194 1177 1342 1230 Mago,
1364 1177 1395 1220 l.
1411 1176 1543 1218 XXII.

235 1242 270 1268 c.
302 1245 365 1276 51.

298 1293 386 1331 383.
413 1285 607 1338 Qua-nam
636 1295 716 1324 tam
736 1309 773 1314 --
790 1283 963 1334 destituis
987 1285 1095 1336 fhto.
1122 1285 1251 1323 Locus
1281 1284 1436 1324 nemini
1467 1285 1540 1324 ad·

238 1338 313 1377 huc
328 1351 533 1392 perceptus
553 1344 586 1380 ἃ
608 1338 658 1378 de
676 1353 757 1392 quo
780 1339 892 1378 silent
910 1353 1066 1379 omnes.
1088 1342 1242 1392 Legunt
1259 1352 1422 1390 quonam
1438 1369 1447 1385 ‚
1465 1343 1541 1378 &a

233 1392 314 1431 Sed
343 1397 443 1433 ιἐἆὶε
472 1396 525 1436 R.
558 1409 591 1432 1.
621 1407 655 1432 2.
681 1409 839 1445 qaenam
867 1408 909 1433 ut
935 1395 1087 1447 semper
1115 1394 1223 1439 fere,
1255 1407 1542 1446 proquaenam.

233 1447 379 1488 Versus
409 1448 463 1488 est
488 1462 509 1487 e
535 1450 699 1487 Lucano
723 1448 924 1488 desumtus
944 1479 954 1495 ‚
984 1450 1009 1487 1.
1033 1449 1127 1488 VH.
1161 1462 1251 1497 107.

505 1502 644 1542 Placet
671 1503 753 1543 haec
779 1516 861 1541 tam
886 1504 1072 1555 prospera
1102 1516 1236 1542 rerum

362 1555 544 1596 Tradere
572 1557 765 1597 fortunae?

234 1610 343 1662 Ergo
364 1610 458 1660 fizto
489 1612 529 1649 in
560 1612 660 1650 Silio
691 1611 801 1650 idem
829 1610 942 1663 quod
957 1608 1162 1658 fbrtunae,
1193 1612 1232 1648 ὅ(
1258 1608 1433 1659 destituis
1459 1622 1543 1662 quo

232 1665 343 1704 sensu
366 1665 505 1705 tradis.
531 1665 621 1704 Jam
645 1665 743 1705 vero
765 1680 939 1717 quaenam
960 1676 1041 1703 tam
1062 1664 1269 1715 prospera,
1295 1663 1404 1704 idem
1426 1663 1540 1703 idio-

233 1719 373 1757 tismus
400 1719 470 1770 qni
499 1720 540 1757 in
571 1719 698 1765 Silio,
731 1720 757 1757 l.
784 1720 814 1757 1.
840 1733 934 1767 443.
958 1732 1130 1769 quaenam
1159 1718 1329 1767 tefhriae
1349 1728 1542 1768 paterna.

233 1774 280 1812 L.
306 1772 377 1810 IV.
402 1780 494 1821 648.
522 1787 694 1822 quaenam
722 1772 794 1821 ista
828 1773 979 1818 rabies,
1011 1775 1083 1809 &c.
1116 1771 1158 1808 L.
1192 1771 1307 1809 XIII.
1339 1778 1428 1821 870.
1455 1771 1538 1822 qui·

234 1827 309 1865 bus
333 1825 609 1879 phlegetontis
632 1827 672 1866 in
701 1826 825 1864 undis.
858 1827 958 1865 Non
985 1837 1082 1875 ergo
1110 1823 1208 1863 dicit
1239 1827 1358 1875 poeta
1387 1842 1413 1859 a
1433 1838 1540 1878 quo..

231 1899 261 1918 01
285 1893 378 1920 nam
407 1881 492 1920 faro
525 1880 717 1932 negligis,
751 1883 827 1918 &c.
856 1878 925 1917 sed
949 1877 1149 1930 perpende
1183 1891 1303 1931 quam
1331 1880 1542 1931 prosperos

233 1951 262 1971 ω
285 1933 475 1975 successus
500 1935 722 1974 committis
744 1933 918 1972 fortunae
940 1950 981 1970 υ.
1124 1936 1126 1938 ’

288 1998 379 2040 ³84·
408 1988 592 2028 Patriam
625 2004 670 2028 ne
698 1987 872 2028 moreris.
905 1986 948 2024 A
989 1984 1160 2023 librariis
1195 1999 1262 2037 que
1291 1999 1365 2038 pro
1398 2001 1443 2026 ne
1475 1985 1540 2027 hic

231 2042 490 2096 scriptums&
508 2045 562 2082 ita
579 2044 735 2082 turbata
748 2040 953 2081 sententia.
969 2038 1164 2085 Morerz‘s,
1188 2039 1233 2078 id
1247 2054 1281 2079 e.
1295 2039 1363 2079 diu
1385 2041 1540 2080 haeren-

237 2110 319 2136 tem
350 2098 392 2136 in
413 2098 530 2138 Itali&
552 2098 724 2137 militem
747 2097 892 2136 Patriae
917 2093 1118 2133 detinebis
1144 2100 1219 2131 ne?
1250 2094 1404 2133 Confer
1423 2095 1449 2134 1.
1468 2095 1539 2133 XI.

238 2159 327 2202 367.
357 2154 588 2205 Cognatum
610 2151 721 2205 quod
745 2152 788 2190 in
806 2154 902 2191 Stat.
926 2148 1006 2187 ΙΙΙ.
1024 2155 1115 2194 651.
1133 2165 1159 2181 tc
1173 2146 1272 2200 quid
1289 2161 1386 2188 vota
1405 2148 1539 2189 virfim

231 2223 261 2243 κ
285 2207 457 2246 meliora
483 2208 674 2245 moraris?
693 2225 718 2242 υ

289 2269 380 2306 388.
408 2261 611 2312 Canzgsina.
637 2258 745 2302 Vide
775 2257 879 2297 Livi.
906 2255 1035 2296 XXII.
1061 2269 1093 2294 c.
1122 2268 1184 2301 52.

290 2327 380 2366 ³97.
409 2315 678 2369 pugnacibus.
701 2314 800 2355 Duo
820 2311 974 2364 scripti,
1000 2312 1050 2350 R.
1070 2324 1104 2349 2.
1124 2307 1233 2348 Male
1253 2307 1342 2348 aliis
1357 2321 1537 2362 pugnan-

232 2367 350 2408 &th-

288 2438 383 2472 400.
411 2418 628 2477 Perfoffizs.
664 2421 714 2460 In
736 2434 768 2460 c.
798 2422 848 2459 T.
873 2419 1057 2471 perfizsus
1077 2433 1088 2458 z
1113 2430 1156 2459 ut
1179 2417 1277 2469 saepe
1294 2415 1471 2456 variatur
1491 2416 1538 2458 in

233 2477 292 2515 his
318 2477 497 2517 vocibus.

182 2569 187 2574 .
285 2545 382 2579 405.
417 2531 606 2581 Pariter,
631 2545 712 2570 ceu.
750 2528 1009 2569 Hellenismo
1051 2530 1173 2575 ὁμοιως
1207 2528 1272 2575 ὡς,
1302 2523 1414 2577 quod
1449 2536 1536 2563 non

233 2597 465 2637 perceptum
491 2586 727 2628 Burmanno
747 2585 818 2639 qui
835 2583 1011 2625 malebat
1034 2578 1241 2637 graviter,
1264 2593 1360 2630 ceu;
1382 2576 1450 2621 sed
1468 2578 1535 2619 in·

230 2651 362 2682 CaUtev
