1627 3056
153 185 267 242 216
526 175 789 233 Srnij
872 174 1259 229 ITAL1c1

160 294 249 346 335
290 271 469 324 Polluta
489 269 680 335 hospitia
698 310 710 331 ‚
731 287 784 317 ac
805 271 911 317 tabo
933 269 1105 331 repleta
1125 279 1313 314 cruento

288 341 487 400 Pocula,
509 344 549 387 ὃ(
570 337 746 388 eversas
770 338 931 403 pugnae‘
954 333 1201 383 certamine
1222 327 1414 379 mensas.

290 410 429 457 Tune
451 406 607 462 illum‚
634 422 770 470 quem
793 422 884 452 non
905 404 1023 451 acies
1038 441 1049 462 ‚
1067 418 1160 449 non
1180 399 1348 447 moenia
1363 438 1375 459 ‚
1399 405 1439 446 &
1458 399 1590 446 urbes

287 476 425 524 Ferre
438 474 754 537 valent‚quum
765 471 890 519 frons
903 472 1126 533 proprior,
1138 469 1387 530 lumenque
1403 465 1591 514 corusco

289 546 404 609 Igne
428 541 566 589 micat
585 559 599 602 3
621 554 729 587 tune
750 539 828 587 illa
850 538 934 587 viri
960 555 1056 602 quae
1082 535 1252 583 vertice
1278 534 1428 581 fundit

158 631 252 682 340
284 609 498 659 Fulmina
524 607 785 671 pertuleris,
808 605 836 653 fi
855 605 952 654 viso
974 603 1198 652 intorserit
1220 602 1324 649 ense

289 678 478 736 Diram,
501 675 588 739 qufi.
608 674 744 724 vertit
763 690 843 735 per
868 689 1053 736 campos
1076 672 1286 737 agmina,
1307 684 1471 716 vocem
1491 678 1505 715 ξ

349 744 489 793 Fallit
508 757 552 790 te
570 781 583 804 3
607 740 782 788 mensas
802 739 918 787 inter
939 739 1060 803 quod
1081 736 1223 785 credis
1244 736 1486 783 inermem.

284 810 383 859 Tot
408 811 538 858 bellis
563 809 744 874 quaesita
763 808 862 856 viro
881 845 892 866 ,
919 821 985 855 tot
1005 805 1201 854 caedibus
1224 818 1369 850 armat

285 878 496 943 Majestas
519 892 680 926 aeterna
701 876 871 923 ducem
896 893 905 923 :
931 873 960 921 fi
983 870 1240 921 admoveris
1261 887 1338 917 ora
1354 909 1366 928 ,

154 966 245 1018 345
284 946 493 1006 Cannas,
515 950 555 992 &
584 942 808 991 Trebiam
839 954 942 989 ante
972 941 1154 1001 oculOS‚
1182 937 1590 1001 Thrasymenaque

485 1012 635 1070 busta,

283 1080 342 1130 Et
369 1079 519 1128 Paulli
544 1079 655 1126 stare
676 1076 910 1143 ingentem
940 1071 1171 1123 miraberis
1195 1073 1422 1119 umbram.

283 1147 413 1211 Quin
435 1146 444 1194 ἓ
468 1160 591 1194 tanto
612 1145 659 1193 in
682 1145 814 1201 casu,
838 1144 1059 1191 comitum
1083 1140 1298 1205 juxtaque
1322 1136 1555 1202 jacentum

281 1215 558 1276 Torpebunt
577 1213 741 1276 dextLae
762 1223 776 1258 ἕ
799 1228 936 1272 parce
950 1249 963 1270 ,
988 1225 1092 1267 oro,
1115 1211 1154 1255 &
1175 1206 1324 1257 desine
1343 1205 1467 1253 velle

282 1281 375 1330 Cui
399 1297 597 1344 nequeas
618 1274 760 1328 viRor
781 1273 1017 1339 superesse.
1040 1275 1117 1321 An
1141 1273 1275 1320 tristia
1296 1272 1451 1319 vinela

153 1368 245 1420 350
282 1350 340 1399 Et
364 1348 537 1395 Decius
558 1364 649 1393 non
673 1344 882 1394 erudiunt
904 1358 1182 1404 componere
1204 1354 1405 1388 mentem
1428 1351 1441 1385 ἒ

346 1414 483 1463 Talia
506 1429 872 1462 commemorans
888 1452 899 1473 ‚
924 1410 1056 1457 fama:
1078 1408 1258 1468 majoris
1282 1424 1437 1454 amore

283 1484 582 1549 Flagrantem
604 1496 652 1529 ut
671 1479 782 1530 vidit
803 1479 1043 1539 juvenem,
1069 1476 1342 1538 surdumque
1366 1471 1542 1533 timori,

279 1552 365 1598 Nil
393 1551 507 1598 ultra
538 1548 677 1612 posco
694 1588 706 1609 ,
729 1546 849 1594 refer
871 1546 916 1593 in
939 1543 1151 1593 convivia
1172 1541 1365 1608 gressum
1383 1580 1394 1601 ‚

281 1619 682 1680 Adproperemus,
708 1614 795 1676 ait3
821 1630 912 1660 non
933 1612 1024 1676 jam
1044 1609 1125 1658 tibi
1150 1612 1329 1672 pestora
1352 1607 1483 1672 pubis

148 1707 173 1754 3
188 1703 242 1748 55
281 1684 475 1732 Sidoniae
496 1682 711 1731 fodienda
732 1697 871 1729 manu
894 1677 1083 1728 tutantia
1106 1680 1298 1743 regem.v

280 1752 392 1801 Hoc
434 1751 593 1817 jugulo
631 1750 840 1797 dextram
870 1747 1057 1810 explora
1076 1763 1090 1807 3
1134 1760 1334 1807 namque
1375 1741 1471 1791 haec
1501 1738 1583 1789 tibi

478 1819 653 1866 ferrum
675 1855 685 1873 ,

276 1887 326 1936 Si
343 1886 539 1934 Poenum
559 1883 760 1935 invasisse
783 1897 910 1946 paras
927 1918 938 1940 ,
961 1895 1043 1942 per
1063 1876 1236 1926 viscera
1258 1876 1427 1924 ferrum

278 1955 443 2002 Nostra
463 1953 523 2001 est
543 1951 819 2001 ducendum.
838 1946 1046 1996 Tardam
1066 1963 1123 1992 ne
1143 1944 1302 2007 sperne
1324 1944 1546 1992 senefiam
1568 1961 1579 1992 :

280 2020 536 2085 Opponam
565 2022 801 2079 membra,
831 2030 964 2080 atque
999 2012 1153 2062 ensem
1185 2026 1454 2077 extorquere
1490 2027 1579 2059 ne·-

477 2101 637 2155 garum

147 2165 242 2225 360
278 2154 431 2204 Morte
451 2154 555 2203 me&
576 2152 783 2216 eripiam.
803 2152 1042 2212 Lacrymae
1061 2160 1170 2194 tunc
1192 2162 1268 2194 ore
1292 2143 1485 2207 profusae
1498 2180 1513 2205 ‚

275 2220 336 2271 Et
355 2222 524 2288 magn&
543 2219 769 2284 Superfim
793 2220 901 2266 cura
923 2215 1118 2264 servatus
1138 2213 1184 2262 in
1205 2229 1330 2260 arma

276 2288 498 2351 Scipiadae
518 2289 683 2337 Poenus
702 2306 715 2349 3
735 2298 820 2334 nec
841 2284 1019 2334 tantum
1043 2281 1135 2330 fata
1160 2280 1380 2328 dederunt

273 2355 475 2404 Externa
495 2355 653 2421 peragi
670 2352 842 2402 dextra.
865 2347 1199 2399 Pulcherrimus
1226 2347 1298 2393 irae
1315 2384 1329 2407 ,

275 2423 337 2471 Et
356 2421 517 2488 dignus
538 2422 637 2469 fieri
658 2436 848 2484 compos
867 2414 1177 2466 memorabilis
1196 2413 1285 2461 aufi
1300 2451 1312 2473 ‚

141 2499 236 2560 365
276 2489 441 2536 Amisit
466 2503 680 2552 quantam
696 2526 709 2545 ,
734 2488 876 2549 posito
903 2482 1145 2532 conamine
1161 2521 1173 2543 ‚
1197 2480 1377 2529 laudem
1395 2517 1407 2538 ,

277 2555 370 2605 Cui
394 2555 568 2604 tantum
591 2556 649 2603 est
675 2553 862 2605 voluisse
881 2553 1019 2601 decus
1040 2559 1050 2600 ἒ
1073 2566 1173 2598 tum
1194 2547 1380 2596 reddere
1400 2541 1493 2593 [ese

274 2621 503 2671 Festinant
521 2622 689 2685 epulis,
713 2628 754 2670 &
782 2619 914 2669 tristia
933 2620 1082 2668 fronte
1101 2614 1334 2675 serenant,

275 2690 446 2743 Donec
463 2691 564 2742 laeta
583 2687 735 2742 virum
789 2688 888 2743 [νίς
909 2685 1123 2739 convivia
1143 2684 1341 2735 somnus,
1393 2745 1429 2796 P
1463 2743 1493 2795 st

1435 2763 1458 2794 ο
1497 2756 1576 2800 era
