1653 3056
481 1 1013 64 L112E1z11.
1402 21 1475 81 35

153 103 338 155 Urbem
361 104 486 152 lenta
507 120 635 167 potes
655 116 667 150 ?
686 102 882 151 moritur
906 102 988 150 tibi
1011 99 1179 168 vulgus
1199 139 1212 162 ‚
1238 104 1280 150 86
1305 99 1398 151 und

21 188 120 233 '490
158 174 232 220 Te
255 188 418 221 matres
434 211 445 232 ‚
468 171 683 220 vincente
704 170 829 218 fame
848 209 858 230 ‚
883 183 927 217 te
953 169 1100 217 mae‘sta
1121 170 1331 219 virorum

22 236 25 238 ’
110 289 116 299 ,
161 241 264 288 Ora
289 254 487 289 vocant:
515 238 754 302 primdque
782 239 939 285 sonant
968 251 1011 285 te
1036 253 1152 284 voce
1174 237 1389 288 minores

158 306 248 355 Fer
279 308 398 356 coelo
421 307 644 355 auxilium
667 345 679 365 ‚
704 311 746 354 &
771 304 891 353 feffis
913 304 970 352 da
997 304 1178 370 surgere
1204 307 1354 354 rebus.

156 374 276 423 Haec
298 374 413 422 satus
437 374 666 422 Altmend
689 393 699 421 ε
731 389 891 421 contra
914 372 988 420 cui
1014 374 1126 420 talia
1151 371 1299 438 virgo.

152 441 309 490 Cerno
344 441 560 506 equidem
583 481 594 502 ,
633 458 720 489 nec
747 458 831 504 pro
864 439 1010 490 nihilo
1045 440 1105 489 est
1145 439 1260 490 mihi
1293 439 1471 491 foedera

356 508 510 572 rumpi
530 549 542 570 ,

17 589 113 639 495
151 575 340 641 Statque
363 578 458 625 dies
481 576 593 624 ausis
614 575 725 624 olim
746 590 841 625 tam
861 573 1052 623 tristibus
1076 575 1216 625 ultor.

150 644 243 692 Sed
266 651 350 691 me'
367 645 564 704 pollutas
591 659 916 707 properantem
941 641 1150 706 linquere
1177 658 1317 692 terras
1337 682 1350 704 ‚

152 712 347 760 Sedibus
368 712 436 760 his
453 753 465 773 ,
493 710 708 775 tefflsque
731 712 862 760 novis
894 711 1139 759 succedere
1162 710 1318 778 adegit

152 778 428 828 Fecundum
448 780 493 828 in
514 779 696 828 fraudes
715 779 957 828 hominum
975 795 1120 845 genus
1139 800 1148 827 z
1170 778 1311 842 impia
1325 778 1438 846 liqui
1447 816 1466 844 2

154 847 242 910 Et,
266 849 483 912 quantum
508 863 708 909 terrent,
731 854 909 896 tantum
930 846 1180 895 metuentia
1204 865 1346 916 regna
1363 887 1378 910 ,
1466 848 1470 851 ’

29 928 122 975 500
161 915 234 964 Ac
256 916 397 965 furias
417 915 540 979 auri,
567 933 654 964 nec
682 915 792 964 vilia
815 914 1004 980 praemia
1032 914 1282 979 fraudum3

154 982 214 1030 Et
233 983 365 1046 super
384 984 481 1033 haec
500 1024 512 1044 ,
539 982 626 1033 ritu
651 983 887 1033 horrificos
906 1023 918 1042 ,
942 1000 996 1031 ac
1018 1000 1146 1030 more
1169 983 1376 1032 ferarum

152 1049 378 1100 Viventes
407 1069 536 1115 rapto
567 1052 763 1115 populos
782 1089 796 1113 ,
818 1052 1024 1114 luxuque
1055 1050 1256 1100 solutum

151 1116 314 1167 Omne
336 1120 474 1168 decus
491 1160 502 1178 ,
526 1119 767 1185 multdque
787 1118 1045 1183 oppreffum
1062 1120 1196 1168 noete
1217 1119 1466 1182 pudorem.

151 1184 238 1236 Vis
261 1189 427 1236 colitur
445 1226 459 1244 ‚
482 1187 679 1252 jurisque
701 1189 859 1237 locum
886 1187 964 1236 fibi
983 1185 1185 1235 vindicat
1206 1188 1348 1237 ensis:

8 1268 111 1316 <505
150 1252 208 1302 Et
229 1256 403 1317 probris
423 1255 547 1304 ceffit
568 1256 734 1305 virtus.
754 1256 824 1304 En
846 1297 858 1318 ,
882 1254 1034 1320 aspice
1060 1269 1219 1322 gentes
1241 1275 1251 1303 t

150 1321 309 1371 Nemo
337 1324 512 1373 insons:
540 1342 706 1387 pacem
734 1325 914 1373 servant
946 1322 1230 1372 commercia
1253 1323 1419 1388 culpae.

150 1390 240 1438 Sed
260 1391 290 1439 fi
317 1409 425 1440 cura
447 1392 522 1440 tud
542 1393 730 1441 fundata
750 1408 800 1440 ut
824 1391 993 1440 moenia
1015 1391 1170 1440 dextrd
1194 1431 1205 1451 ‚

153 1458 365 1524 Dignum
390 1474 434 1508 te
456 1460 661 1522 servent,
686 1459 988 1508 memorando
1020 1457 1113 1506 fine
1129 1498 1141 1518 ,
1166 1459 1382 1526 vigorem
1404 1497 1417 1520 ,

149 1524 322 1575 Dedita
345 1545 432 1575 nec
451 1527 550 1576 feffi
575 1528 829 1576 tramittant
851 1544 1044 1590 corpora
1069 1526 1213 1574 Poeno
1232 1546 1242 1575 :

17 1608 41 1652 ς
58 1609 112 1639 10
151 1599 164 1648 (
191 1593 335 1657 Quod
359 1595 508 1643 solum
532 1613 655 1644 nunc
681 1596 774 1644 fata
796 1595 944 1643 finunt
966 1593 1188 1658 seriesque
1212 1593 1352 1642 futuri
1373 1597 1391 1652 )

145 1661 406 1710 Extendam
428 1663 508 1712 leti
530 1663 670 1711 decus
689 1703 700 1722 ,
732 1678 866 1727 atque
886 1663 932 1710 in
954 1661 1107 1710 secula
1132 1662 1349 1724 mittam3

144 1728 339 1793 Ipsaque
358 1730 561 1779 laudatas
588 1732 644 1779 ad
671 1731 834 1779 Manes
854 1731 1100 1794 prosequar
1118 1731 1317 1777 umbras.

212 1798 324 1845 Inde
345 1797 502 1847 severa
524 1799 618 1848 levi
638 1799 883 1847 decurrens
907 1797 1072 1847 aethere
1093 1797 1227 1864 virgo

144 1862 419 1914 Lu&antem
440 1867 544 1915 fatis
565 1868 676 1931 petit
698 1868 982 1915 inflammata
1005 1867 1294 1933 Saguntum:

4 1943 106 1991 :515
146 1932 329 1982 Invadit
355 1950 532 1983 mentes
551 1975 562 1992 ‚
594 1941 637 1984 &
667 1937 848 1998 pe&0ra
872 1950 979 1983 nota
1002 1948 1238 1998 pererrat,

145 2000 446 2067 Immittitque
478 2002 640 2051 animis
671 2020 879 2052 numen:
904 2018 1001 2051 tum
1021 2044 1032 2063 ,
1053 2002 1152 2050 fusa
1177 1998 1422 2063 medullis,

150 2069 364 2130 Implieat
393 2086 527 2136 atque
549 2070 615 2118 sui
637 2070 908 2138 flagrantem
929 2070 1113 2134 inspirat
1137 2087 1361 2118 amorem.

142 2135 292 2186 Arma
312 2139 476 2187 volunt
492 2180 503 2199 ,
528 2153 796 2204 tentantque
816 2156 958 2205 aegros
992 2139 1048 2186 ad
1074 2138 1236 2200 proelia
1259 2135 1395 2185 nisuS.

144 2205 402 2267 Insperatus
423 2207 541 2254 adest
564 2206 698 2273 vigor
719 2247 730 2267 ,
757 2206 1031 2272 {meritisque
1057 2203 1257 2254 recursat

16 2286 108 2332 520
144 2272 311 2320 Dulcis
332 2275 478 2322 honos
501 2274 636 2322 Divae
656 2316 667 2336 ,
695 2281 734 2322 &
764 2276 940 2323 sacrum
970 2292 1052 2335 pro
1082 2273 1260 2339 virgine
1282 2272 1459 2321 {etum}

144 2341 185 2387 It.
209 2342 368 2389 tacitus
389 2342 507 2390 festis
530 2360 612 2404 per
635 2342 819 2390 ovantia
843 2345 1024 2404 pes-*tora
1050 2341 1198 2389 sensus

149 2406 240 2454 Vel
266 2409 358 2455 leto
382 2409 589 2475 graviora
612 2409 705 2458 pati
729 2451 738 2468 ‚
764 2411 985 2473 sa’vasique
1006 2410 1209 2474 ferarum

145 2475 385 2525 Attentare
411 2478 547 2528 dapes
571 2517 581 2536 ‚
609 2487 651 2525 &
687 2479 849 2526 mensis
878 2479 1044 2526 addere
1075 2477 1267 2525 crimen.

147 2542 238 2590 Sed
258 2545 468 2606 prohibet
492 2545 630 2607 culp&
665 2547 892 2608 pollutam
919 2545 1165 2594 extendere
1185 2545 1342 2592 lucem

9 2619 39 2675 5
51 2589 106 2671 §.5
144 2608 278 2662 Casta
294 2613 423 2677 fides,
442 2613 710 2683 paribusque
724 2614 900 2667 famem
918 2608 1469 2747 compeffegevxjnembri&
