1627 3056
391 217 474 253 ΙΝ
531 206 1196 251 Tssx‘rvu.1.13.11.
1419 225 1446 259 9

130 287 154 320 e
176 278 315 318 muris.
342 280 404 327 Sic
429 279 570 319 melius
600 292 621 318 e
650 278 779 318 veteri
806 278 849 317 in
878 277 1010 318 Statio
1028 309 1039 326 ,
1068 277 1095 317 1.
1123 278 1159 317 1.
1190 290 1279 323 352·
1306 278 1449 330 deffin-

131 334 219 380 dit,
246 333 364 386 quam
395 333 547 385 vulgat.
573 332 773 387 diffimdit.

190 397 260 434 96.
289 386 478 438 Demifit.
506 389 569 426 Sic
595 389 636 425 in
663 388 788 426 tribus
816 385 1004 438 antiquis.
1034 385 1147 426 Male
1173 385 1264 425 aliis
1287 386 1450 438 dimisit.

129 439 237 479 Vide
269 440 297 479 l.
324 440 442 480 vm.
471 455 562 487 521.
592 443 782 495 Nugatur
805 439 868 479 hic
896 441 1024 479 Drak.
1053 442 1293 494 qui'praeter
1317 440 1447 482 fidem

129 493 218 534 edit
243 493 389 548 divisit.

188 564 253 597 99.
285 549 493 587 Incautus.
527 550 557 587 E
583 550 637 589 R.
669 561 706 588 2.
736 548 803 589 ubi
830 548 869 588 in
897 558 1013 588 cautu
1033 577 1042 595 ,
1074 562 1113 601 q.
1141 547 1180 588 d.
1212 549 1385 590 ἱησαιιτιῖ.
1417 550 1445 589 ιῖ

127 601 176 642 in
201 603 377 655 antiquis
403 604 580 642 occurrit
605 616 679 655 pro
707 618 781 650 us,
813 619 910 651 um,
932 618 1008 651 ur,
1039 617 1104 642 zm.
1125 602 1196 642 Ad
1224 618 1361 644 arcum
1380 617 1444 644 re—

127 659 192 695 fer
220 671 243 695 a
273 670 355 709 quo
384 670 468 695 non
499 659 729 697 cavebatur.
768 658 866 698 Haec
895 671 979 697 vox
1017 659 1160 708 passive
1195 672 1238 697 ut
1271 658 1364 707 hic,
1400 663 1442 700 &

127 711 257 752 affive
286 724 362 762 pro
390 723 440 750 eo
470 713 540 763 qui
570 725 655 751 non
687 713 805 751 timet
835 713 1055 764 usurpatur.
1094 713 1156 750 Sic
1186 712 1213 751 l.
1247 714 1293 752 X.
1327 728 1404 762 339
1425 744 1440 761 ‚

128 769 168 805 δέ
189 765 332 818 Virgil.
360 764 386 803 l.
413 765 487 803 IV.
515 782 579 817 70.
612 768 679 806 De
706 766 899 806 limilibus
927 766 1041 819 plura
1060 766 1102 804 in
1121 766 1286 815 Gellio,
1313 767 1341 807 l.
1367 767 1440 813 IX..

129 833 166 858 c.
197 832 259 858 η.
286 820 416 858 Drak.
442 817 542 859 edit.
576 819 760 868 incauto,
791 819 834 859 id
857 821 939 867 est,
970 820 1056 859 ι’ᾶιι,

188 887 275 911 121.
302 873 414 923 Casu.
437 872 487 912 In
508 875 632 914 tribus
656 875 809 928 scriptis
833 876 886 915 R.
913 889 950 915 2.
977 875 1065 914 Alii
1090 874 1254 928 casum,
1276 889 1319 916 ut
1338 889 1441 917 con-

124 927 289 978 jiciebat
310 928 498 979 Scaliger.

181 995 272 1032 127.
304 982 552 1032 complente.
576 981 683 1023 Vide
708 982 885 1023 Homer.
902 981 954 1023 Il.
977 982 1052 1023 IV.
1086 997 1174 1033 124.
1197 983 1344 1037 Virgil.
1363 985 1440 1026 XL

129 1041 220 1075 860.
240 1036 306 1075 lb.
330 1039 365 1075 δ’
382 1037 504 1084 duffi,
532 1038 584 1077 R.
606 1052 642 1077 2.
661 1041 701 1077 &
716 1037 883 1090 quidam
899 1037 982 1077 alii.
1007 1038 1118 1078 Male
1135 1039 1177 1077 in
1194 1039 1282 1077 aliis
1299 1038 1438 1081 elladi.

187 1105 278 1135 131·
301 1089 488 1130 fluxere.
510 1091 656 1143 Scripti
674 1105 815 1132 omnes
832 1123 843 1140 ,
872 1092 926 1133 R.
954 1107 992 1133 2.
1015 1095 1054 1132 &
1070 1092 1153 1133 duo
1172 1094 1331 1147 antiqui
1354 1096 1439 1134 im-

123 1146 251 1197 pteffi.
279 1145 389 1184 Male
405 1144 557 1197 ficlse're
582 1144 667 1184 alii.

187 1208 273 1247 138.
303 1198 357 1238 In
372 1201 543 1252 gemino.
573 1198 717 1251 Scripti
740 1204 780 1240 &
803 1200 856 1241 R.
885 1214 905 1239 2
928 1229 940 1248 ,
971 1199 1120 1254 aliique
1144 1200 1294 1254 plures,
1321 1202 1436 1245 Male

123 1252 194 1293 alii
226 1268 245 1292 e
267 1253 437 1306 gemino.
462 1253 516 1292 In
542 1253 651 1294 deest
673 1255 715 1292 in
739 1255 790 1295 R.
825 1270 858 1294 1.

182 1321 271 1356 155.
300 1307 439 1347 Εἶανᾶ.
467 1309 529 1347 Ex
552 1309 768 1355 Homero,
798 1307 849 1348 11.
881 1307 979 1348 VII.
1016 1322 1106 1358 141.

181 1370 268 1407 158.
296 1362 470 1402 Centum.
504 1363 535 1401 E
564 1364 708 1416 virgil.
731 1360 828 1402 Vll.
856 1369 950 1411 658.

178 1416 228 1453 V.
251 1418 330 1469 seq.
357 1415 550 1468 Exseffis.
578 1418 702 1457 Recie
728 1413 896 1457 Beneffa
919 1432 929 1457 ι
959 1430 1002 1456 ut
1033 1417 1060 1456 l.
1090 1417 1170 1458 ΠΙ.
1201 1434 1263 1467 32.
1290 1417 1436 1473 recisis·

122 1467 238 1509 Male
262 1471 389 1509 Drak.
415 1470 594 1523 &sedin

182 1532 271 1564 166.
299 1524 512 1564 Radianeis
533 1525 656 1565 laenae.
688 1523 814 1573 Quod
837 1539 877 1565 v.
900 1539 966 1574 79.
989 1535 1141 1579 tegmen
1154 1525 1331 1580 fulgens.
1355 1527 1436 1568 Sed

119 1591 220 1618 nota
242 1577 305 1618 hic
329 1579 683 1630 vocemssradiantis
711 1579 792 1618 dici
816 1579 867 1618 de
898 1579 1030 1619 colore
1052 1580 1174 1631 fulvo
1198 1583 1352 1628 leonis,
1388 1596 1436 1622 ut

120 1633 226 1672 infra
248 1647 287 1673 v.
323 1647 413 1681 193.
440 1632 505 1681 Sic
529 1635 573 1672 in
595 1635 786 1673 Homero
814 1634 923 1671 οὶίθων
942 1661 952 1672 .
981 1634 1029 1672 11.
1063 1635 1112 1673 X.
1142 1645 1231 1685 178.
1257 1637 1436 1689 Proprie

120 1691 296 1735 ardens;
324 1687 391 1727 sed
413 1692 548 1727 ardere
571 1688 741 1728 sumitur
762 1701 845 1740 quo
873 1688 1229 1740 sensusplendere,
1247 1692 1433 1739 radiare,

121 1755 166 1781 nt
192 1742 237 1780 in
259 1741 436 1794 Virgilio
464 1745 510 1781 de
534 1742 728 1794 put-puni.
751 1743 814 1780 Sic
841 1755 1004 1795 quoque
1025 1743 1068 1781 in
1091 1745 1222 1783 Statio
1245 1776 1255 1791 ,
1284 1747 1440 1785 mixto·

118 1808 198 1848 que
228 1796 451 1835 incenditur
477 1809 576 1836 auro
593 1827 606 1845 ,
633 1797 765 1836 Theb.
786 1797 814 1835 l.
840 1798 889 1835 X.
917 1804 982 1836 60.
1009 1796 1107 1837 Hoc
1128 1798 1251 1839 semel
1279 1799 1433 1840 dic‘knm
1497 1839 1501 1843 .

116 1849 247 1889 volui.
279 1850 344 1889 Ih.
369 1849 481 1888 loenae
501 1880 513 1897 ,
552 1864 586 1890 c.
618 1851 714 1890 Col.
747 1849 798 1889 In
823 1851 912 1889 aliis
941 1852 1117 1904 antiquis
1150 1867 1306 1906 prope,
1334 1855 1435 1895 lene.

117 1904 160 1945 E
177 1903 261 1943 fere
279 1908 434 1955 {emper
458 1906 500 1942 in
529 1904 706 1956 antiquis
731 1916 806 1954 pro
829 1918 861 1942 α
884 1917 1023 1944 errore
1048 1906 1342 1949 Librariorum.
1369 1910 1435 1949 Sic

116 1971 273 1998 erratur
297 1959 340 1996 in
370 1959 654 1997 marmoribus
681 1957 788 1998 Male
810 1957 979 2011 quidam
1004 1958 1127 1999 loerae.
1176 2001 1189 2008 „

174 2021 265 2062 167.
296 2011 520 2053 Gemmata.
558 2013 688 2052 Drak.
721 2015 760 2051 &
798 2025 830 2051 c.
868 2013 917 2051 T.
958 2013 1025 2052 ubi
1061 2009 1188 2066 gloffa
1218 2044 1228 2061 ‚
1265 2027 1436 2066 propter·

114 2081 294 2120 gemmas
322 2067 359 2106 θ
385 2067 552 2117 lapillos
580 2067 642 2118 qui
673 2076 783 2105 erant
811 2067 852 2105 in
875 2066 1004 2117 ρεῖιᾶ.
1041 2068 1152 2108 Male
1180 2069 1252 2108 alii
1278 2083 1438 2110 veteres

111 2122 330 2175 geminata.
361 2120 470 2161 Vide
500 2122 684 2173 propert.
709 2136 748 2170 4.
775 2120 846 2159 XI.
873 2135 936 2160 20.

177 2184 267 2226 184.
295 2177 542 2227 Adfimera.
569 2175 675 2214 Vide
702 2176 729 2214 l.
759 2174 876 2214 XIII.
910 2190 998 2225 547.

173 2239 263 2270 186.
292 2230 413 2270 Ater.
442 2230 602 2281 Scripti.
629 2232 679 2269 R.
709 2243 745 2266 2.
775 2230 894 2268 Mars.
923 2232 965 2268 in
990 2230 1115 2271 notis.

175 2293 263 2334 189.
279 2283 503 2337 Destringi.
527 2284 694 2323 Pessime
717 2284 844 2322 Drak.
862 2288 900 2324 ὃς
916 2285 986 2322 alii
1009 2285 1192 2339 distringi
1206 2318 1222 2335 ,
1249 2285 1327 2328 fine
1346 2289 1436 2330 ullo

111 2339 240 2379 sensu.
271 2339 379 2378 Vide
408 2351 496 2390 quae
522 2337 574 2376 ad
600 2338 628 2376 l.
649 2337 683 2375 Ι.
708 2351 795 2386 ςις.
817 2338 882 2377 De
906 2338 959 2378 est
978 2339 1042 2379 hic
1063 2342 1275 2394 augmenti
1290 2338 1404 2383 causa
1420 2374 1435 2393 ,

114 2406 156 2431 ut
184 2393 225 2431 in
257 2393 487 2437 devinceze,
515 2390 741 2442 depraeliari
769 2395 809 2431 &
836 2393 915 2432 alia
937 2393 1064 2446 plura.
1093 2393 1196 2435 Haec
1219 2410 1437 2439 monuerat

110 2446 351 2489 Bernartius
383 2445 436 2486 ad
470 2447 570 2484 Stat.
601 2447 732 2486 Theb.
767 2448 798 2486 l.
824 2446 860 2485 1.
898 2462 939 2487 v.
968 2462 1004 2487 2.
1038 2449 1189 2503 Accipe
1221 2464 1318 2505 ergo
1350 2466 1435 2506 quo

109 2502 223 2540 sensu
251 2499 442 2551 artiffime
454 2498 604 2554 stringi
620 2531 636 2547 ,
655 2501 796 2551 premi.
1180 2506 1195 2515 ³
1435 2505 1439 2509 ⁴
1488 2550 1491 2552 Ι

171 2562 266 2593 206.
295 2555 431 2594 coecus
450 2554 549 2604 fini.
572 2554 718 2601 Bene3
745 2551 813 2593 sed
835 2553 878 2593 in
900 2555 954 2596 R.
980 2569 1017 2596 2.
1036 2557 1150 2610 serus
1168 2555 1285 2608 fini}
1319 2574 1362 2600 ut
1389 2554 1439 2602 in‘

109 2606 297 2649 Horatio
323 2608 652 2661 seristudiorum.
680 2611 750 2648 An
768 2609 882 2661 serus
910 2609 1020 2658 voti,
1048 2611 1160 2665 quod
1191 2614 1289 2653 alibi
1313 2619 1436 2667 po'e'ta

102 2663 208 2717 seris
225 2664 475 2711 venerabere
492 2663 610 2704 votis.
628 2663 701 2703 Nil
726 2676 843 2702 muto
860 2678 872 2711 3
900 2677 1036 2704 veram
1059 2679 1196 2705 tamen
1214 2668 1433 2710 leffionem

143 2731 213 2757 uto
237 2718 281 2756 in
309 2719 361 2758 R.
396 2733 446 2757 2:
478 2730 519 2756 at
548 2718 591 2757 in
620 2731 654 2756 c.
682 2718 735 2757 T.
761 2719 1006 2771 cacusfizto.
1034 2720 1102 2761 Ib.
1128 2720 1308 2765 abeunte.
1333 2724 1434 2776 Vid,

108 2732 269 2828 §ifgilo
294 2771 389 2817 Vu-
419 2780 511 2829 584·
534 2772 666 2817 Theb·
689 2770 748 2817 ΙΙ·
774 2787 869 2829 ¹40·
1357 2778 1380 2798 γ’
1408 2777 1433 2784 γ’

1140 2842 1214 2870 RV
