1627 3056
242 215 313 262 ..46
529 222 532 226 ’
796 203 839 244 Ν
868 213 899 244 Ο
929 211 959 244 T
989 213 1028 245 Ε

320 291 335 322 3
348 289 408 325 14.
433 273 494 314 At
513 271 633 312 nulla.
664 270 773 312 Male
791 272 920 311 Drak.
938 274 975 310 h.
991 273 1017 311 l.
1037 272 1207 325 excepit.
1223 271 1318 313 Edit
1332 302 1342 318 ,
1367 273 1400 313 δ’
1417 271 1552 318 nullae

257 328 356 370 dein
384 340 534 368 exutos.
556 324 743 366 Tandem
770 326 856 365 vult
884 339 975 364 cum
1005 327 1237 367 Burmanno
1270 327 1413 368 tollere
1448 341 1555 379 quoe.

262 386 364 424 Non
387 382 632 434 intelligunt.
652 380 731 419 Dic
750 380 1089 419 consentientibus
1114 382 1286 434 antiquis
1301 413 1310 428 ,
1334 394 1374 420 at
1398 383 1553 420 servans

261 436 434 490 portabo
462 436 504 474 in
534 436 702 474 Tartara
733 433 856 473 lunas
889 447 988 486 quos
1020 434 1126 473 nulla
1165 448 1297 475 morte
1329 449 1464 474 exuar.
1494 435 1555 474 Ut

258 491 357 530 alibi
386 488 530 539 castum
561 499 679 529 exuta
701 491 905 538 pudorem.
939 488 983 526 L.
1011 489 1061 526 V.
1100 502 1160 534 15.
1192 493 1231 527 ὃ(
1259 489 1284 527 l.
1317 489 1433 527 XIII.
1466 501 1554 527 120.

260 555 382 584 exuta
395 545 540 594 feram.
561 543 654 582 Jam
678 540 775 580 vero
791 542 955 593 servans
971 543 1142 591 portabo
1159 570 1169 587 ‚
1195 540 1306 580 idern
1327 541 1555 580 idiotismus

256 612 302 638 ac
326 597 429 637 infra
453 611 494 636 v.
525 610 613 641 321.
643 606 823 646 torquens
849 604 1000 645 portat.
1021 593 1127 632 Vide
1151 608 1237 646 quae
1257 597 1367 646 supra
1391 609 1431 634 v.
1464 608 1554 643 194.

260 654 326 692 De
350 653 426 690 hoc
450 649 582 689 nimio
605 650 711 689 luctu
733 647 828 688 vide
851 642 949 700 qu&
965 648 1123 700 egregie
1139 677 1150 694 ,
1173 661 1214 686 ut
1240 649 1340 688 solet
1357 678 1369 695 ,
1398 650 1555 688 Luctet.

249 709 343 747 111.
362 717 401 744 v.
418 716 512 750 920.
1340 739 1342 742 ,

316 774 332 804 ³
345 774 356 797 ι
370 767 406 799 8.
433 756 525 797 Hic.
549 754 707 808 Scripti.
734 756 880 795 Errore
898 767 1028 807 typor.
1047 752 1090 793 in
1108 756 1158 796 R.
1177 770 1213 795 2.
1230 758 1311 795 hec.
1330 754 1444 794 Male
1464 753 1552 793 aliis

259 812 362 853 hinc.

317 879 405 911 319·
435 863 518 903 Per
545 861 638 903 tela.
669 862 716 901 In
745 861 922 913 antiquis
946 861 1097 912 pericla
1116 894 1126 909 ,
1146 876 1168 901 a
1193 861 1365 902 librariis
1381 892 1389 906 ‚
1417 862 1518 913 ipro
1538 873 1554 900 ε

259 924 300 961 ὅ(
318 935 337 959 c
360 932 433 971 pro
450 932 469 956 e
483 948 493 963 ,
517 930 560 956 ut
577 915 775 968 saepiffime
793 914 928 955 video.
953 917 1046 954 Sine
1063 915 1141 956 fide
1167 916 1296 956 Drak.
1315 929 1385 967 pet
1409 915 1552 966 iniqua.

318 987 405 1023 327.
442 970 591 1015 Vertit.
621 972 741 1010 Reece
771 969 818 1008 C.
845 970 940 1010 Col.
973 970 1009 1008 h.
1039 969 1066 1009 l.
1098 969 1232 1010 refert.
1260 970 1334 1009 Nil
1362 970 1556 1022 intelligit

257 1027 322 1066 hic
350 1028 478 1066 Drak.
501 1024 584 1064 Dic
609 1023 728 1065 vertit
742 1022 786 1074 se
809 1023 874 1062 vel
894 1023 1071 1062 vertitur.
1095 1024 1156 1063 Sic
1180 1025 1284 1062 Livi.
1305 1024 1449 1063 XXVI.
1466 1038 1497 1062 c.
1517 1031 1554 1064 6.

257 1081 298 1120 :in
313 1094 445 1120 verum
461 1079 577 1118 vertit
594 1109 604 1126 ‚
622 1078 666 1117 id
684 1077 760 1123 est,
781 1076 953 1128 vertitse
967 1108 976 1123 ,
989 1077 1055 1116 vel
1071 1077 1247 1129 versaest
1266 1095 1277 1117 .·
1297 1077 1406 1117 idern
1427 1079 1453 1117 l.
1468 1081 1553 1117 ΙΙΙ.

260 1149 294 1175 c.
324 1144 385 1180 36.
410 1147 534 1172 terror
554 1143 700 1172 vertere
724 1130 764 1170 in
776 1131 929 1181 plebem
949 1131 1078 1182 coepit.
1105 1132 1234 1170 Mirus
1257 1132 1311 1172 est
1335 1131 1399 1171 hic
1426 1133 1554 1171 Drak-

259 1189 329 1241 qui
349 1200 484 1228 tamen
508 1186 602 1225 alibi
629 1186 735 1225 hunc
763 1183 1014 1224 idiotismum
1046 1185 1266 1226 intellexit,
1294 1186 1356 1224 Sic
1384 1199 1553 1237 compo-

259 1242 373 1282 fitum
402 1240 594 1280 convertit
621 1240 664 1278 in
687 1237 847 1278 Justino
867 1269 877 1284 ,
904 1237 931 1276 1.
960 1239 1144 1278 XXXVI.
1167 1252 1200 1278 c.
1221 1253 1256 1279 2.
1279 1238 1330 1278 ad
1347 1254 1434 1291 quae
1458 1238 1552 1279 vide

258 1309 348 1336 nor.
374 1293 623 1335 Bernecceri.
648 1291 803 1331 Confer
826 1291 937 1331 Gell.
964 1292 992 1330 1.
1015 1296 1047 1330 Ι.
1073 1306 1104 1331 c.
1128 1306 1189 1338 13.
1205 1294 1242 1344 fi
1265 1307 1324 1332 res
1339 1294 1448 1344 fhrte
1477 1308 1556 1332 me-

259 1350 338 1390 lius
362 1349 562 1404 vertiffet,
592 1350 631 1386 ὅ(
659 1346 685 1384 l.
715 1345 786 1384 IV.
814 1359 847 1384 c.
882 1353 943 1384 18.
967 1346 1109 1385 avertit
1135 1360 1208 1397 pro
1234 1348 1375 1387 avertit
1391 1348 1436 1399 fi:
1464 1363 1476 1385 .-
1511 1360 1553 1387 ut

259 1404 303 1443 in
340 1404 517 1456 Virgilio
553 1413 634 1441 tum
664 1413 786 1450 prora
825 1399 981 1439 avertit.
1018 1399 1180 1438 Infinita
1214 1402 1303 1440 loca
1335 1414 1552 1453 congerere

261 1455 428 1511 postein-
463 1455 544 1495 Dic
573 1467 670 1506 ergo
701 1452 823 1493 vertit
856 1454 922 1499 se,
956 1453 1085 1493 subito
1119 1455 1366 1503 certamine,
1401 1454 1451 1495 εὸ
1484 1454 1554 1495 ubi

259 1515 352 1553 saxa
376 1509 613 1551 claudebant
641 1508 767 1547 socios
785 1507 829 1545 in
851 1506 1001 1546 insidiis
1026 1507 1242 1548 latitantes.

317 1580 406 1612 330.
439 1563 588 1614 lupos.
620 1563 681 1600 Sic
701 1561 841 1600 nostris
857 1561 898 1599 in
925 1560 1043 1610 sylvis
1060 1562 1348 1612 Sylvanefflnis
1369 1564 1465 1615 saepe
1484 1577 1553 1603 ca·

258 1619 421 1673 piuntur
448 1618 557 1670 lupi,
588 1617 630 1655 in
653 1615 799 1661 fovea,
824 1614 1035 1654 frondibus
1065 1629 1260 1668 carneque
1290 1617 1551 1669 superpositis.

321 1680 408 1718 336.
445 1672 575 1725 Quum
605 1669 733 1720 densa.
763 1669 811 1707 In
845 1682 876 1707 C.
912 1670 956 1708 P.
993 1671 1214 1722 condensa,
1250 1684 1273 1709 a
1300 1686 1386 1710 cnm
1421 1673 1550 1724 densa.

257 1726 521 1766 Contrarium
553 1736 733 1761 errorem
763 1722 922 1761 notavit
953 1722 995 1760 in
1027 1723 1205 1762 Horatio
1239 1725 1422 1777 Scaliger.
1455 1726 1481 1764 1.
1515 1728 1551 1765 1.

258 1779 331 1820 od.
366 1793 426 1829 37.
452 1777 518 1817 ubi
544 1776 639 1828 legit
664 1789 882 1828 congrege,
913 1789 997 1814 non
1025 1791 1109 1814 cnm
1136 1792 1281 1829 grege,
1320 1782 1358 1817 ὃ(
1389 1778 1550 1819 merite).

257 1831 367 1875 ‚vide
391 1831 569 1872 Leffion.
592 1829 748 1868 Auson.
767 1830 795 1867 1.
822 1831 857 1867 Ι.
884 1841 916 1866 c.
948 1843 1006 1878 17.
1028 1844 1064 1880 p.
1095 1844 1155 1874 53.
1184 1830 1282 1869 edit.
1311 1831 1466 1883 Gryph.

319 1900 407 1934 337.
429 1885 602 1924 Intento.
631 1886 679 1923 C.
702 1883 793 1921 Col.
819 1884 934 1920 redte.
959 1881 1065 1920 Aliis
1088 1882 1230 1924 intente
1246 1915 1262 1931 ,
1284 1883 1454 1926 intentae.
1472 1884 1549 1925 Sed

259 1940 397 1982 finales
423 1954 466 1986 e,
487 1952 545 1985 ατ,
572 1951 595 1975 ο
619 1937 716 1988 saepe
742 1948 947 1975 mutantur
969 1935 1011 1973 in
1032 1935 1194 1988 scriptis.
1234 1950 1238 1953 ’

313 2002 404 2039 338.
433 1993 557 2032 Poena
573 2021 588 2038 ,
613 1990 658 2029 id
682 1989 734 2028 est
752 2018 762 2032 ‚
793 1988 956 2028 Poenica
984 1990 1049 2029 vel
1076 1990 1244 2031 Punica.
1268 1991 1358 2030 Nec
1386 1991 1549 2032 discedo

259 2048 303 2087 in
329 2046 490 2098 reliquis
512 2059 534 2084 a
561 2058 594 2083 c.
614 2042 706 2084 Col.
735 2043 846 2083 Male
868 2042 1034 2083 Poenam
1056 2043 1135 2083 fine
1158 2043 1237 2086 fide
1257 2045 1399 2097 probat
1418 2047 1548 2086 Drak.

261 2101 346 2155 post
377 2099 608 2149 Heynlium.

319 2163 408 2204 348.
437 2152 604 2196 Viffam.
628 2151 675 2189 In
701 2162 734 2189 c.
761 2150 853 2189 Col.
882 2148 1057 2189 vindam.
1079 2149 1177 2190 Haec
1203 2153 1282 2197 iam
1304 2165 1454 2192 mutata
1473 2165 1549 2193 no-

262 2209 375 2255 tavi,
405 2208 430 2246 1.
455 2208 504 2246 V.
534 2212 624 2251 659·
651 2203 731 2243 Hic
766 2204 825 2242 nil
858 2216 1002 2252 muto,
1034 2204 1128 2257 quia
1161 2204 1324 2245 vindam
1355 2207 1411 2245 sat
1440 2207 1549 2248 clare

258 2260 498 2317 significatur
520 2273 560 2297 v.
584 2260 664 2312 seq.
691 2270 791 2297 voce
813 2257 1024 2308 captivam.
1150 2308 1153 2309 ⁷
1366 2302 1371 2310 ⁴

331 2323 418 2360 358.
461 2311 624 2363 Trzfidi.
662 2311 723 2351 Sic
759 2311 946 2364 antiqui,
979 2312 1108 2352 Drak.
1144 2309 1232 2350 Abs
1266 2324 1308 2350 re
1345 2308 1546 2363 Heynlius

254 2367 308 2409 1νὶ
334 2368 407 2407 Ἀθ.

302 2368 403 2468 ξω.
428 2418 741 2470 Rerum-opem.
767 2418 888 2459 Rene
906 2431 1064 2458 omnes.
1087 2418 1227 2470 Inepte
1254 2416 1448 2466 Heynlius
1468 2422 1544 2457 du-

254 2490 340 2514 rum
364 2480 416 2515 ad
432 2485 583 2525 tempus
598 2486 709 2525 opem
727 2487 741 2512 .-
765 2485 849 2512 non
867 2471 1084 2513 intellexit.
1112 2472 1187 2511 Nil
1212 2470 1447 2511 mendosum
1468 2471 1544 2511 hic.

314 2536 403 2576 365·
437 2527 580 2570 Vento.
608 2525 752 2580 scripti
778 2529 828 2568 R.
864 2540 901 2566 ι.
934 2540 972 2567 2.
1002 2524 1228 2566 Mediolan.
1260 2525 1414 2565 Frustra
1439 2524 1546 2565 venti

255 2582 302 2622 in
330 2581 630 2622 recentioribus.
1516 2603 1532 2609 ’-

315 2650 402 2685 ³74·
428 2635 617 2676 Putabat.
644 2636 690 2675 C.
711 2634 805 2674 Col.
829 2634 971 2674 Oxon.
996 2633 1108 2673 Male
1134 2631 1220 2671 aliis
1245 2633 1446 2684 putabam.
1471 2632 1545 2672 Et*

255 2703 325 2730 rot
352 2703 374 2728 a
399 2702 498 2731 nota
521 2690 596 2741 bd,
622 2703 710 2746 quae
738 2688 845 2731 valet
872 2690 961 2729 bam
972 2718 990 2738 ,
1022 2690 1130 2738 ban,
1156 2689 1228 2730 bar
1239 2718 1257 2738 ,
1285 2688 1382 2734 bas,
1409 2687 1476 2726 bat
1495 2685 1542 2727 'in

252 2742 417 2797 scriptis.
