<?xml version="1.0" encoding="UTF-8"?>
<!DOCTYPE html PUBLIC "-//W3C//DTD XHTML 1.0 Transitional//EN"
    "http://www.w3.org/TR/xhtml1/DTD/xhtml1-transitional.dtd">
<html xmlns="http://www.w3.org/1999/xhtml" xml:lang="en" lang="en">
 <head>
  <title>
</title>
<meta http-equiv="Content-Type" content="text/html;charset=utf-8" />
  <meta name='ocr-system' content='tesseract 3.04.00' />
  <meta name='ocr-capabilities' content='ocr_page ocr_carea ocr_par ocr_line ocrx_word'/>
</head>
<body>
  <div class='ocr_page' id='page_1' title='image "./csiliiitalicideb00sili_0011.png"; bbox 0 0 1653 3056; ppageno 0'>
   <div class='ocr_carea' id='block_1_1' title="bbox 1387 131 1439 182">
    <p class='ocr_par' dir='ltr' id='par_1_1' title="bbox 1387 131 1439 182">
     <span class='ocr_line' id='line_1_1' title="bbox 1387 131 1439 182; baseline 0.019 -1"><span class='ocrx_word' id='word_1_1' title='bbox 1387 131 1439 182; x_wconf 60' lang='lat' dir='ltr'>iic</span> 
     </span>
    </p>
   </div>
   <div class='ocr_carea' id='block_1_2' title="bbox 150 251 1444 292">
    <p class='ocr_par' dir='ltr' id='par_1_2' title="bbox 150 251 1444 292">
     <span class='ocr_line' id='line_1_2' title="bbox 150 251 1444 292; baseline 0 0"><span class='ocrx_word' id='word_1_2' title='bbox 150 251 1444 292; x_wconf 95' lang='lat' dir='ltr'>   </span> 
     </span>
    </p>
   </div>
   <div class='ocr_carea' id='block_1_3' title="bbox 1257 281 1441 298">
    <p class='ocr_par' dir='ltr' id='par_1_3' title="bbox 1257 281 1441 298">
     <span class='ocr_line' id='line_1_3' title="bbox 1257 281 1441 298; baseline -0.005 1"><span class='ocrx_word' id='word_1_3' title='bbox 1257 281 1441 298; x_wconf 58' lang='grc'><strong>--“-,</strong></span> 
     </span>
    </p>
   </div>
   <div class='ocr_carea' id='block_1_4' title="bbox 136 286 1253 312">
    <p class='ocr_par' dir='ltr' id='par_1_4' title="bbox 136 286 1253 312">
     <span class='ocr_line' id='line_1_4' title="bbox 136 286 1253 312; baseline 0 2744"><span class='ocrx_word' id='word_1_4' title='bbox 136 286 1253 312; x_wconf 95' lang='lat' dir='ltr'> </span> 
     </span>
    </p>
   </div>
   <div class='ocr_carea' id='block_1_5' title="bbox 176 368 1398 589">
    <p class='ocr_par' dir='ltr' id='par_1_5' title="bbox 176 368 1398 589">
     <span class='ocr_line' id='line_1_5' title="bbox 336 368 1236 448; baseline -0.014 1"><span class='ocrx_word' id='word_1_5' title='bbox 336 368 1236 448; x_wconf 88' lang='lat' dir='ltr'><strong>TESTIMONIA</strong></span> 
     </span>
     <span class='ocr_line' id='line_1_6' title="bbox 176 518 1398 589; baseline -0.005 -2"><span class='ocrx_word' id='word_1_6' title='bbox 176 528 309 587; x_wconf 90' lang='lat' dir='ltr'>DE</span> <span class='ocrx_word' id='word_1_7' title='bbox 376 530 434 589; x_wconf 92' lang='lat' dir='ltr'>C.</span> <span class='ocrx_word' id='word_1_8' title='bbox 487 518 1398 587; x_wconf 65' lang='lat' dir='ltr'>SILIOJTALICO.</span> 
     </span>
    </p>
   </div>
   <div class='ocr_carea' id='block_1_6' title="bbox 128 637 1442 1095">
    <p class='ocr_par' dir='ltr' id='par_1_6' title="bbox 128 637 1176 746">
     <span class='ocr_line' id='line_1_7' title="bbox 128 637 1176 746; baseline -0.006 -4"><span class='ocrx_word' id='word_1_9' title='bbox 128 637 257 742; x_wconf 76' lang='lat' dir='ltr'>VI</span> <span class='ocrx_word' id='word_1_10' title='bbox 279 710 311 740; x_wconf 91' lang='lat' dir='ltr'>D</span> <span class='ocrx_word' id='word_1_11' title='bbox 334 709 361 740; x_wconf 81' lang='lat' dir='ltr'>E</span> <span class='ocrx_word' id='word_1_12' title='bbox 409 689 564 740; x_wconf 77' lang='lat' dir='ltr'>Tacit.</span> <span class='ocrx_word' id='word_1_13' title='bbox 601 688 771 739; x_wconf 85' lang='lat' dir='ltr'>Histor.</span> <span class='ocrx_word' id='word_1_14' title='bbox 811 687 870 738; x_wconf 92' lang='lat' dir='ltr'>L.</span> <span class='ocrx_word' id='word_1_15' title='bbox 907 689 993 738; x_wconf 92' lang='lat' dir='ltr'>III.</span> <span class='ocrx_word' id='word_1_16' title='bbox 1019 704 1062 736; x_wconf 88' lang='lat' dir='ltr'><strong>c.</strong></span> <span class='ocrx_word' id='word_1_17' title='bbox 1100 692 1176 746; x_wconf 83' lang='lat'><strong>65.</strong></span> 
     </span>
    </p>

    <p class='ocr_par' dir='ltr' id='par_1_7' title="bbox 195 759 816 822">
     <span class='ocr_line' id='line_1_8' title="bbox 195 759 816 822; baseline -0.003 -12"><span class='ocrx_word' id='word_1_18' title='bbox 195 762 337 810; x_wconf 75' lang='lat' dir='ltr'><strong>Plin.</strong></span> <span class='ocrx_word' id='word_1_19' title='bbox 374 759 434 810; x_wconf 90' lang='lat' dir='ltr'>L.</span> <span class='ocrx_word' id='word_1_20' title='bbox 477 760 562 808; x_wconf 86' lang='lat' dir='ltr'>III.</span> <span class='ocrx_word' id='word_1_21' title='bbox 607 759 732 822; x_wconf 80' lang='lat' dir='ltr'><strong>epist.</strong></span> <span class='ocrx_word' id='word_1_22' title='bbox 769 776 816 816; x_wconf 92' lang='lat'>7.</span> 
     </span>
    </p>

    <p class='ocr_par' dir='ltr' id='par_1_8' title="bbox 128 819 1442 1095">
     <span class='ocr_line' id='line_1_9' title="bbox 197 819 1442 893; baseline -0.007 -15"><span class='ocrx_word' id='word_1_23' title='bbox 197 831 435 878; x_wconf 79' lang='lat' dir='ltr'>Martial.</span> <span class='ocrx_word' id='word_1_24' title='bbox 471 827 530 876; x_wconf 90' lang='lat' dir='ltr'><strong>L.</strong></span> <span class='ocrx_word' id='word_1_25' title='bbox 561 826 652 877; x_wconf 87' lang='lat' dir='ltr'>IV.</span> <span class='ocrx_word' id='word_1_26' title='bbox 693 826 816 893; x_wconf 86' lang='lat' dir='ltr'><strong>epig.</strong></span> <span class='ocrx_word' id='word_1_27' title='bbox 858 843 931 885; x_wconf 88' lang='lat'>14.</span> <span class='ocrx_word' id='word_1_28' title='bbox 975 823 1032 873; x_wconf 88' lang='lat' dir='ltr'>L.</span> <span class='ocrx_word' id='word_1_29' title='bbox 1065 822 1155 874; x_wconf 87' lang='lat' dir='ltr'><strong>VI.</strong></span> <span class='ocrx_word' id='word_1_30' title='bbox 1197 819 1320 888; x_wconf 85' lang='lat' dir='ltr'><strong>epig.</strong></span> <span class='ocrx_word' id='word_1_31' title='bbox 1361 826 1442 879; x_wconf 80' lang='lat'><strong>64.</strong></span> 
     </span>
     <span class='ocr_line' id='line_1_10' title="bbox 128 887 1438 972; baseline -0.004 -30"><span class='ocrx_word' id='word_1_32' title='bbox 128 893 205 972; x_wconf 38' lang='lat' dir='ltr'><strong>L.·</strong></span> <span class='ocrx_word' id='word_1_33' title='bbox 243 895 356 945; x_wconf 88' lang='lat' dir='ltr'>VII.</span> <span class='ocrx_word' id='word_1_34' title='bbox 396 895 518 961; x_wconf 82' lang='lat' dir='ltr'>epig.</span> <span class='ocrx_word' id='word_1_35' title='bbox 562 901 639 960; x_wconf 85' lang='lat'><strong>63.</strong></span> <span class='ocrx_word' id='word_1_36' title='bbox 665 894 746 971; x_wconf 36' lang='lat' dir='ltr'><strong>·L.</strong></span> <span class='ocrx_word' id='word_1_37' title='bbox 790 893 927 945; x_wconf 89' lang='lat' dir='ltr'>VIII.</span> <span class='ocrx_word' id='word_1_38' title='bbox 974 891 1098 959; x_wconf 85' lang='lat' dir='ltr'><strong>epig.</strong></span> <span class='ocrx_word' id='word_1_39' title='bbox 1137 897 1216 941; x_wconf 85' lang='lat'><strong>66.</strong></span> <span class='ocrx_word' id='word_1_40' title='bbox 1252 889 1310 938; x_wconf 87' lang='lat' dir='ltr'>L.</span> <span class='ocrx_word' id='word_1_41' title='bbox 1347 887 1438 938; x_wconf 89' lang='lat' dir='ltr'>IX.</span> 
     </span>
     <span class='ocr_line' id='line_1_11' title="bbox 130 962 1226 1095; baseline -0.005 -15"><span class='ocrx_word' id='word_1_42' title='bbox 130 969 365 1080; x_wconf 41' lang='grc' dir='ltr'>Εμξίέὲτῗ..</span> <span class='ocrx_word' id='word_1_43' title='bbox 385 962 994 1095; x_wconf 45' lang='grc' dir='ltr'>ΙᾸ.ΡΞῙ&lt;Σξὲιεῗι-Ῑῗ1ξ.ἀξείἰέεῑῑῑ.ι.</span> <span class='ocrx_word' id='word_1_44' title='bbox 1021 1045 1069 1078; x_wconf 79' lang='lat' dir='ltr'><strong>v.</strong></span> <span class='ocrx_word' id='word_1_45' title='bbox 1111 1033 1226 1075; x_wconf 88' lang='lat'><strong>260.</strong></span> 
     </span>
    </p>
   </div>
   <div class='ocr_carea' id='block_1_7' title="bbox 301 1139 1296 1271">
    <p class='ocr_par' dir='ltr' id='par_1_9' title="bbox 301 1139 1296 1271">
     <span class='ocr_line' id='line_1_12' title="bbox 303 1139 1116 1206; baseline -0.006 -18"><span class='ocrx_word' id='word_1_46' title='bbox 303 1140 417 1188; x_wconf 89' lang='lat' dir='ltr'>Non</span> <span class='ocrx_word' id='word_1_47' title='bbox 449 1139 706 1189; x_wconf 77' lang='lat' dir='ltr'>Gaetulicus</span> <span class='ocrx_word' id='word_1_48' title='bbox 727 1141 801 1189; x_wconf 65' lang='lat' dir='ltr'>Mc</span> <span class='ocrx_word' id='word_1_49' title='bbox 823 1139 908 1188; x_wconf 83' lang='lat' dir='ltr'>tibi</span> <span class='ocrx_word' id='word_1_50' title='bbox 934 1139 1116 1206; x_wconf 81' lang='lat' dir='ltr'>legetur</span> 
     </span>
     <span class='ocr_line' id='line_1_13' title="bbox 301 1202 1296 1271; baseline -0.007 -15"><span class='ocrx_word' id='word_1_51' title='bbox 301 1207 415 1256; x_wconf 85' lang='lat' dir='ltr'>Non</span> <span class='ocrx_word' id='word_1_52' title='bbox 438 1208 618 1257; x_wconf 82' lang='lat' dir='ltr'>Marsus</span> <span class='ocrx_word' id='word_1_53' title='bbox 636 1250 648 1271; x_wconf 87' lang='lat'>‚</span> <span class='ocrx_word' id='word_1_54' title='bbox 674 1208 800 1258; x_wconf 86' lang='lat' dir='ltr'>Pedo</span> <span class='ocrx_word' id='word_1_55' title='bbox 819 1249 831 1271; x_wconf 86' lang='lat'>,</span> <span class='ocrx_word' id='word_1_56' title='bbox 865 1207 999 1256; x_wconf 69' lang='lat' dir='ltr'>Silius</span> <span class='ocrx_word' id='word_1_57' title='bbox 1020 1245 1034 1268; x_wconf 83' lang='grc'>,</span> <span class='ocrx_word' id='word_1_58' title='bbox 1059 1202 1296 1252; x_wconf 85' lang='lat' dir='ltr'><strong>Tibullus.</strong></span> 
     </span>
    </p>
   </div>
   <div class='ocr_carea' id='block_1_8' title="bbox 137 1308 1459 2723">
    <p class='ocr_par' dir='ltr' id='par_1_10' title="bbox 137 1308 1452 1568">
     <span class='ocr_line' id='line_1_14' title="bbox 205 1308 1452 1381; baseline -0.006 -16"><span class='ocrx_word' id='word_1_59' title='bbox 205 1315 298 1365; x_wconf 79' lang='lat' dir='ltr'>His</span> <span class='ocrx_word' id='word_1_60' title='bbox 319 1334 417 1381; x_wconf 88' lang='lat' dir='ltr'>quae</span> <span class='ocrx_word' id='word_1_61' title='bbox 440 1335 465 1365; x_wconf 89' lang='lat' dir='ltr'>e</span> <span class='ocrx_word' id='word_1_62' title='bbox 492 1317 676 1367; x_wconf 83' lang='lat' dir='ltr'>Mureto</span> <span class='ocrx_word' id='word_1_63' title='bbox 691 1358 702 1378; x_wconf 89' lang='lat'>‚</span> <span class='ocrx_word' id='word_1_64' title='bbox 717 1317 942 1367; x_wconf 84' lang='lat' dir='ltr'>Lernutio</span> <span class='ocrx_word' id='word_1_65' title='bbox 958 1356 970 1376; x_wconf 89' lang='lat'>‚</span> <span class='ocrx_word' id='word_1_66' title='bbox 986 1313 1175 1379; x_wconf 82' lang='lat' dir='ltr'>aliisque</span> <span class='ocrx_word' id='word_1_67' title='bbox 1197 1311 1243 1359; x_wconf 88' lang='lat' dir='ltr'>in</span> <span class='ocrx_word' id='word_1_68' title='bbox 1265 1308 1452 1359; x_wconf 80' lang='lat' dir='ltr'>laudem</span> 
     </span>
     <span class='ocr_line' id='line_1_15' title="bbox 137 1376 1451 1450; baseline -0.005 -18"><span class='ocrx_word' id='word_1_69' title='bbox 137 1383 243 1432; x_wconf 81' lang='lat' dir='ltr'>Silii</span> <span class='ocrx_word' id='word_1_70' title='bbox 267 1384 414 1433; x_wconf 80' lang='lat' dir='ltr'>attulit</span> <span class='ocrx_word' id='word_1_71' title='bbox 433 1386 728 1450; x_wconf 81' lang='lat' dir='ltr'>Dausqueius</span> <span class='ocrx_word' id='word_1_72' title='bbox 744 1426 757 1447; x_wconf 92' lang='lat'>,</span> <span class='ocrx_word' id='word_1_73' title='bbox 783 1385 898 1434; x_wconf 76' lang='lat' dir='ltr'>adde</span> <span class='ocrx_word' id='word_1_74' title='bbox 936 1380 1235 1430; x_wconf 66' lang='lat' dir='ltr'>doffiffimam</span> <span class='ocrx_word' id='word_1_75' title='bbox 1257 1376 1451 1427; x_wconf 77' lang='lat' dir='ltr'>Cellarii</span> 
     </span>
     <span class='ocr_line' id='line_1_16' title="bbox 138 1445 1450 1518; baseline -0.004 -20"><span class='ocrx_word' id='word_1_76' title='bbox 138 1451 196 1498; x_wconf 80' lang='lat' dir='ltr'>de</span> <span class='ocrx_word' id='word_1_77' title='bbox 220 1450 334 1499; x_wconf 64' lang='lat' dir='ltr'>Silio</span> <span class='ocrx_word' id='word_1_78' title='bbox 362 1450 714 1501; x_wconf 75' lang='lat' dir='ltr'>dissertationem</span> <span class='ocrx_word' id='word_1_79' title='bbox 748 1454 793 1502; x_wconf 87' lang='lat' dir='ltr'>in</span> <span class='ocrx_word' id='word_1_80' title='bbox 817 1470 907 1518; x_wconf 88' lang='lat' dir='ltr'>qua</span> <span class='ocrx_word' id='word_1_81' title='bbox 937 1449 1037 1499; x_wconf 78' lang='lat' dir='ltr'>fuse</span> <span class='ocrx_word' id='word_1_82' title='bbox 1074 1448 1130 1497; x_wconf 86' lang='lat' dir='ltr'>de</span> <span class='ocrx_word' id='word_1_83' title='bbox 1165 1452 1262 1512; x_wconf 80' lang='lat' dir='ltr'>ejus</span> <span class='ocrx_word' id='word_1_84' title='bbox 1288 1445 1384 1496; x_wconf 79' lang='lat' dir='ltr'>vita</span> <span class='ocrx_word' id='word_1_85' title='bbox 1407 1449 1450 1493; x_wconf 89' lang='lat'>&amp;</span> 
     </span>
     <span class='ocr_line' id='line_1_17' title="bbox 140 1518 670 1568; baseline 0 0"><span class='ocrx_word' id='word_1_86' title='bbox 140 1518 366 1568; x_wconf 86' lang='lat' dir='ltr'>Poemate</span> <span class='ocrx_word' id='word_1_87' title='bbox 389 1520 568 1567; x_wconf 86' lang='lat' dir='ltr'>locutus</span> <span class='ocrx_word' id='word_1_88' title='bbox 594 1522 670 1568; x_wconf 89' lang='lat' dir='ltr'>est.</span> 
     </span>
    </p>

    <p class='ocr_par' dir='ltr' id='par_1_11' title="bbox 137 1580 1454 1789">
     <span class='ocr_line' id='line_1_18' title="bbox 198 1580 1454 1653; baseline -0.004 -20"><span class='ocrx_word' id='word_1_89' title='bbox 198 1585 331 1653; x_wconf 78' lang='lat' dir='ltr'>Dixit</span> <span class='ocrx_word' id='word_1_90' title='bbox 355 1586 410 1636; x_wconf 88' lang='lat' dir='ltr'>de</span> <span class='ocrx_word' id='word_1_91' title='bbox 448 1605 504 1636; x_wconf 91' lang='lat' dir='ltr'>eo</span> <span class='ocrx_word' id='word_1_92' title='bbox 538 1587 604 1636; x_wconf 88' lang='lat' dir='ltr'>N.</span> <span class='ocrx_word' id='word_1_93' title='bbox 647 1586 879 1651; x_wconf 79' lang='lat' dir='ltr'>Heynfius</span> <span class='ocrx_word' id='word_1_94' title='bbox 924 1607 950 1632; x_wconf 89' lang='lat'>«</span> <span class='ocrx_word' id='word_1_95' title='bbox 994 1583 1176 1647; x_wconf 80' lang='lat' dir='ltr'>optimae</span> <span class='ocrx_word' id='word_1_96' title='bbox 1215 1580 1454 1630; x_wconf 66' lang='lat' dir='ltr'>latinitatis</span> 
     </span>
     <span class='ocr_line' id='line_1_19' title="bbox 137 1648 1454 1719; baseline -0.003 -19"><span class='ocrx_word' id='word_1_97' title='bbox 137 1671 166 1700; x_wconf 69' lang='grc' dir='ltr'>ι)</span> <span class='ocrx_word' id='word_1_98' title='bbox 181 1653 370 1714; x_wconf 77' lang='lat' dir='ltr'>scriptor</span> <span class='ocrx_word' id='word_1_99' title='bbox 386 1694 398 1715; x_wconf 87' lang='lat'>,</span> <span class='ocrx_word' id='word_1_100' title='bbox 437 1672 491 1702; x_wconf 90' lang='lat' dir='ltr'>ac</span> <span class='ocrx_word' id='word_1_101' title='bbox 514 1670 759 1719; x_wconf 83' lang='lat' dir='ltr'>perpetuus</span> <span class='ocrx_word' id='word_1_102' title='bbox 785 1672 895 1704; x_wconf 87' lang='lat' dir='ltr'>cum</span> <span class='ocrx_word' id='word_1_103' title='bbox 915 1651 1157 1702; x_wconf 80' lang='lat' dir='ltr'>Ciceronis</span> <span class='ocrx_word' id='word_1_104' title='bbox 1173 1692 1186 1714; x_wconf 83' lang='lat'>‚</span> <span class='ocrx_word' id='word_1_105' title='bbox 1211 1665 1313 1699; x_wconf 87' lang='lat' dir='ltr'>tum</span> <span class='ocrx_word' id='word_1_106' title='bbox 1341 1648 1454 1700; x_wconf 82' lang='lat' dir='ltr'>Vir-</span> 
     </span>
     <span class='ocr_line' id='line_1_20' title="bbox 141 1721 589 1789; baseline 0 -21"><span class='ocrx_word' id='word_1_107' title='bbox 141 1741 168 1769; x_wconf 76' lang='lat'>»</span> <span class='ocrx_word' id='word_1_108' title='bbox 187 1721 285 1789; x_wconf 86' lang='lat' dir='ltr'>gilii</span> <span class='ocrx_word' id='word_1_109' title='bbox 320 1722 522 1771; x_wconf 76' lang='lat' dir='ltr'>imitator</span> <span class='ocrx_word' id='word_1_110' title='bbox 542 1744 589 1773; x_wconf 71' lang='lat' dir='ltr'><strong>n.</strong></span> 
     </span>
    </p>

    <p class='ocr_par' dir='ltr' id='par_1_12' title="bbox 138 1786 1454 1923">
     <span class='ocr_line' id='line_1_21' title="bbox 201 1786 1454 1855; baseline -0.004 -18"><span class='ocrx_word' id='word_1_111' title='bbox 201 1789 389 1840; x_wconf 87' lang='lat' dir='ltr'>Modius</span> <span class='ocrx_word' id='word_1_112' title='bbox 414 1790 538 1855; x_wconf 89' lang='lat' dir='ltr'>epist.</span> <span class='ocrx_word' id='word_1_113' title='bbox 561 1795 643 1850; x_wconf 87' lang='lat'>98.</span> <span class='ocrx_word' id='word_1_114' title='bbox 672 1811 698 1837; x_wconf 80' lang='lat' dir='ltr'>c&lt;</span> <span class='ocrx_word' id='word_1_115' title='bbox 723 1809 848 1839; x_wconf 81' lang='lat' dir='ltr'>eram</span> <span class='ocrx_word' id='word_1_116' title='bbox 871 1787 1007 1838; x_wconf 83' lang='lat' dir='ltr'>hodie</span> <span class='ocrx_word' id='word_1_117' title='bbox 1045 1787 1092 1837; x_wconf 88' lang='lat' dir='ltr'>in</span> <span class='ocrx_word' id='word_1_118' title='bbox 1118 1786 1231 1836; x_wconf 81' lang='lat' dir='ltr'>Silio</span> <span class='ocrx_word' id='word_1_119' title='bbox 1257 1786 1420 1836; x_wconf 85' lang='lat' dir='ltr'>Italico</span> <span class='ocrx_word' id='word_1_120' title='bbox 1438 1823 1454 1847; x_wconf 87' lang='lat'><strong>,</strong></span> 
     </span>
     <span class='ocr_line' id='line_1_22' title="bbox 138 1857 1384 1923; baseline -0.002 -17"><span class='ocrx_word' id='word_1_121' title='bbox 138 1878 165 1906; x_wconf 69' lang='grc' dir='ltr'>ι)</span> <span class='ocrx_word' id='word_1_122' title='bbox 184 1857 326 1906; x_wconf 85' lang='lat' dir='ltr'>Poeta</span> <span class='ocrx_word' id='word_1_123' title='bbox 362 1861 486 1907; x_wconf 89' lang='lat' dir='ltr'>bono</span> <span class='ocrx_word' id='word_1_124' title='bbox 520 1859 707 1923; x_wconf 81' lang='lat' dir='ltr'>quidem</span> <span class='ocrx_word' id='word_1_125' title='bbox 729 1900 739 1918; x_wconf 91' lang='lat'>,</span> <span class='ocrx_word' id='word_1_126' title='bbox 765 1874 815 1906; x_wconf 88' lang='lat' dir='ltr'>ut</span> <span class='ocrx_word' id='word_1_127' title='bbox 840 1858 987 1907; x_wconf 82' lang='lat' dir='ltr'>sciunt</span> <span class='ocrx_word' id='word_1_128' title='bbox 1021 1873 1180 1904; x_wconf 85' lang='lat' dir='ltr'>omnes</span> <span class='ocrx_word' id='word_1_129' title='bbox 1215 1875 1240 1901; x_wconf 86' lang='lat'>»</span> <span class='ocrx_word' id='word_1_130' title='bbox 1258 1894 1270 1916; x_wconf 89' lang='lat'>‚</span> <span class='ocrx_word' id='word_1_131' title='bbox 1298 1860 1384 1903; x_wconf 70' lang='grc' dir='ltr'>δίε.</span> 
     </span>
    </p>

    <p class='ocr_par' dir='ltr' id='par_1_13' title="bbox 140 1922 1457 2126">
     <span class='ocr_line' id='line_1_23' title="bbox 206 1922 1457 1989; baseline -0.003 -16"><span class='ocrx_word' id='word_1_132' title='bbox 206 1925 396 1974; x_wconf 79' lang='lat' dir='ltr'>Benessa</span> <span class='ocrx_word' id='word_1_133' title='bbox 434 1949 459 1972; x_wconf 78' lang='grc' dir='ltr'>ει</span> <span class='ocrx_word' id='word_1_134' title='bbox 484 1927 597 1975; x_wconf 72' lang='lat' dir='ltr'>illud</span> <span class='ocrx_word' id='word_1_135' title='bbox 623 1943 779 1976; x_wconf 85' lang='lat' dir='ltr'>tamen</span> <span class='ocrx_word' id='word_1_136' title='bbox 808 1941 988 1989; x_wconf 82' lang='lat' dir='ltr'>oportet</span> <span class='ocrx_word' id='word_1_137' title='bbox 1009 1923 1143 1973; x_wconf 83' lang='lat' dir='ltr'>fateri</span> <span class='ocrx_word' id='word_1_138' title='bbox 1163 1922 1353 1971; x_wconf 51' lang='lat' dir='ltr'>materie</span> <span class='ocrx_word' id='word_1_139' title='bbox 1379 1922 1457 1969; x_wconf 81' lang='lat' dir='ltr'>su-</span> 
     </span>
     <span class='ocr_line' id='line_1_24' title="bbox 140 1991 1454 2063; baseline -0.002 -22"><span class='ocrx_word' id='word_1_140' title='bbox 140 2013 166 2039; x_wconf 74' lang='lat'>»</span> <span class='ocrx_word' id='word_1_141' title='bbox 186 1994 334 2055; x_wconf 80' lang='lat' dir='ltr'>perari</span> <span class='ocrx_word' id='word_1_142' title='bbox 367 1994 621 2063; x_wconf 75' lang='lat' dir='ltr'>Virgilium</span> <span class='ocrx_word' id='word_1_143' title='bbox 652 2013 761 2044; x_wconf 85' lang='lat' dir='ltr'>cum</span> <span class='ocrx_word' id='word_1_144' title='bbox 795 2013 888 2060; x_wconf 89' lang='lat' dir='ltr'>quo</span> <span class='ocrx_word' id='word_1_145' title='bbox 925 2007 1124 2042; x_wconf 79' lang='lat' dir='ltr'>certatur</span> <span class='ocrx_word' id='word_1_146' title='bbox 1179 1991 1384 2039; x_wconf 81' lang='lat' dir='ltr'>oratione</span> <span class='ocrx_word' id='word_1_147' title='bbox 1405 2008 1454 2039; x_wconf 75' lang='lat' dir='ltr'><strong>n.</strong></span> 
     </span>
     <span class='ocr_line' id='line_1_25' title="bbox 140 2061 330 2126; baseline 0 -16"><span class='ocrx_word' id='word_1_148' title='bbox 140 2061 264 2126; x_wconf 83' lang='lat' dir='ltr'>epist.</span> <span class='ocrx_word' id='word_1_149' title='bbox 285 2080 330 2110; x_wconf 88' lang='lat'><strong>2.</strong></span> 
     </span>
    </p>

    <p class='ocr_par' dir='ltr' id='par_1_14' title="bbox 143 2121 1459 2723">
     <span class='ocr_line' id='line_1_26' title="bbox 207 2121 1454 2195; baseline -0.006 -18"><span class='ocrx_word' id='word_1_150' title='bbox 207 2129 391 2177; x_wconf 82' lang='lat' dir='ltr'>Crufius</span> <span class='ocrx_word' id='word_1_151' title='bbox 428 2129 475 2178; x_wconf 86' lang='lat' dir='ltr'>in</span> <span class='ocrx_word' id='word_1_152' title='bbox 507 2127 611 2178; x_wconf 81' lang='lat' dir='ltr'>vitis</span> <span class='ocrx_word' id='word_1_153' title='bbox 632 2128 745 2178; x_wconf 89' lang='lat' dir='ltr'>Poet</span> <span class='ocrx_word' id='word_1_154' title='bbox 765 2148 877 2182; x_wconf 62' lang='lat' dir='ltr'>‚tum</span> <span class='ocrx_word' id='word_1_155' title='bbox 907 2168 920 2189; x_wconf 85' lang='lat'>,</span> <span class='ocrx_word' id='word_1_156' title='bbox 956 2124 1156 2195; x_wconf 75' lang='lat' dir='ltr'>Angliee</span> <span class='ocrx_word' id='word_1_157' title='bbox 1178 2162 1191 2175; x_wconf 92' lang='lat'><strong>.</strong></span> <span class='ocrx_word' id='word_1_158' title='bbox 1214 2121 1417 2173; x_wconf 86' lang='lat' dir='ltr'>Londini</span> <span class='ocrx_word' id='word_1_159' title='bbox 1439 2161 1454 2183; x_wconf 88' lang='lat'><em>,</em></span> 
     </span>
     <span class='ocr_line' id='line_1_27' title="bbox 148 2148 1454 2263; baseline -0.005 -18"><span class='ocrx_word' id='word_1_160' title='bbox 148 2214 204 2254; x_wconf 90' lang='lat'>17</span> <span class='ocrx_word' id='word_1_161' title='bbox 219 2214 286 2261; x_wconf 52' lang='lat'>&lt;32</span> <span class='ocrx_word' id='word_1_162' title='bbox 304 2212 416 2246; x_wconf 87' lang='lat' dir='ltr'>tom.</span> <span class='ocrx_word' id='word_1_163' title='bbox 436 2198 502 2255; x_wconf 86' lang='lat' dir='ltr'>II,</span> <span class='ocrx_word' id='word_1_164' title='bbox 524 2215 570 2260; x_wconf 87' lang='lat' dir='ltr'><strong>p.</strong></span> <span class='ocrx_word' id='word_1_165' title='bbox 590 2215 639 2260; x_wconf 82' lang='lat'>53</span> <span class='ocrx_word' id='word_1_166' title='bbox 656 2232 666 2243; x_wconf 90' lang='lat'><strong>.</strong></span> <span class='ocrx_word' id='word_1_167' title='bbox 686 2148 802 2259; x_wconf 54' lang='lat' dir='ltr'>Bai,</span> <span class='ocrx_word' id='word_1_168' title='bbox 826 2198 1004 2263; x_wconf 75' lang='lat' dir='ltr'>though</span> <span class='ocrx_word' id='word_1_169' title='bbox 1023 2197 1045 2247; x_wconf 78' lang='lat' dir='ltr'>J</span> <span class='ocrx_word' id='word_1_170' title='bbox 1075 2196 1194 2244; x_wconf 80' lang='lat' dir='ltr'>have</span> <span class='ocrx_word' id='word_1_171' title='bbox 1213 2209 1293 2240; x_wconf 88' lang='lat' dir='ltr'>not</span> <span class='ocrx_word' id='word_1_172' title='bbox 1311 2190 1454 2239; x_wconf 79' lang='lat' dir='ltr'>failed</span> 
     </span>
     <span class='ocr_line' id='line_1_28' title="bbox 144 2261 1456 2331; baseline -0.005 -19"><span class='ocrx_word' id='word_1_173' title='bbox 144 2265 387 2331; x_wconf 82' lang='lat' dir='ltr'>observing</span> <span class='ocrx_word' id='word_1_174' title='bbox 416 2265 549 2312; x_wconf 74' lang='lat' dir='ltr'>Silius</span> <span class='ocrx_word' id='word_1_175' title='bbox 572 2264 689 2311; x_wconf 83' lang='lat' dir='ltr'>fault</span> <span class='ocrx_word' id='word_1_176' title='bbox 707 2305 719 2324; x_wconf 87' lang='lat'>,</span> <span class='ocrx_word' id='word_1_177' title='bbox 741 2264 769 2316; x_wconf 89' lang='lat' dir='ltr'>J</span> <span class='ocrx_word' id='word_1_178' title='bbox 809 2264 939 2312; x_wconf 83' lang='lat' dir='ltr'>think</span> <span class='ocrx_word' id='word_1_179' title='bbox 973 2265 1032 2311; x_wconf 90' lang='lat' dir='ltr'>he</span> <span class='ocrx_word' id='word_1_180' title='bbox 1071 2263 1151 2310; x_wconf 86' lang='lat' dir='ltr'>has</span> <span class='ocrx_word' id='word_1_181' title='bbox 1179 2261 1303 2309; x_wconf 84' lang='lat' dir='ltr'>mani</span> <span class='ocrx_word' id='word_1_182' title='bbox 1325 2277 1456 2307; x_wconf 88' lang='lat' dir='ltr'>more</span> 
     </span>
     <span class='ocr_line' id='line_1_29' title="bbox 143 2327 1459 2399; baseline -0.004 -19"><span class='ocrx_word' id='word_1_183' title='bbox 143 2332 453 2380; x_wconf 79' lang='lat' dir='ltr'>excellencies</span> <span class='ocrx_word' id='word_1_184' title='bbox 481 2352 490 2380; x_wconf 92' lang='lat'>:</span> <span class='ocrx_word' id='word_1_185' title='bbox 507 2334 569 2397; x_wconf 89' lang='lat' dir='ltr'>so</span> <span class='ocrx_word' id='word_1_186' title='bbox 603 2335 713 2382; x_wconf 69' lang='lat' dir='ltr'>tlzczt</span> <span class='ocrx_word' id='word_1_187' title='bbox 744 2335 800 2381; x_wconf 78' lang='lat' dir='ltr'>lte</span> <span class='ocrx_word' id='word_1_188' title='bbox 812 2334 973 2399; x_wconf 79' lang='lat' dir='ltr'><em>justly</em></span> <span class='ocrx_word' id='word_1_189' title='bbox 996 2331 1213 2392; x_wconf 61' lang='lat' dir='ltr'>delbrves</span> <span class='ocrx_word' id='word_1_190' title='bbox 1247 2332 1322 2378; x_wconf 76' lang='lat' dir='ltr'>tlte</span> <span class='ocrx_word' id='word_1_191' title='bbox 1341 2327 1459 2377; x_wconf 77' lang='lat' dir='ltr'><em>cha-</em></span> 
     </span>
     <span class='ocr_line' id='line_1_30' title="bbox 147 2400 1456 2469; baseline -0.005 -20"><span class='ocrx_word' id='word_1_192' title='bbox 147 2404 301 2449; x_wconf 65' lang='lat' dir='ltr'>rac‘ler</span> <span class='ocrx_word' id='word_1_193' title='bbox 318 2401 735 2469; x_wconf 75' lang='lat' dir='ltr'>ofczgoodpoet,</span> <span class='ocrx_word' id='word_1_194' title='bbox 755 2403 871 2449; x_wconf 76' lang='lat' dir='ltr'>who</span> <span class='ocrx_word' id='word_1_195' title='bbox 900 2400 1079 2448; x_wconf 73' lang='lat' dir='ltr'>would</span> <span class='ocrx_word' id='word_1_196' title='bbox 1093 2402 1146 2448; x_wconf 86' lang='lat' dir='ltr'>be</span> <span class='ocrx_word' id='word_1_197' title='bbox 1165 2400 1304 2447; x_wconf 72' lang='lat' dir='ltr'><em>much</em></span> <span class='ocrx_word' id='word_1_198' title='bbox 1327 2413 1456 2444; x_wconf 85' lang='lat' dir='ltr'>more</span> 
     </span>
     <span class='ocr_line' id='line_1_31' title="bbox 147 2462 1458 2532; baseline -0.003 -18"><span class='ocrx_word' id='word_1_199' title='bbox 147 2470 398 2532; x_wconf 66' lang='lat' dir='ltr'>efleemed,</span> <span class='ocrx_word' id='word_1_200' title='bbox 427 2487 554 2516; x_wconf 76' lang='lat' dir='ltr'>were</span> <span class='ocrx_word' id='word_1_201' title='bbox 577 2471 631 2516; x_wconf 76' lang='lat' dir='ltr'>lte</span> <span class='ocrx_word' id='word_1_202' title='bbox 666 2485 788 2517; x_wconf 83' lang='lat' dir='ltr'>more</span> <span class='ocrx_word' id='word_1_203' title='bbox 820 2471 1024 2517; x_wconf 77' lang='lat' dir='ltr'>known.</span> <span class='ocrx_word' id='word_1_204' title='bbox 1056 2465 1178 2530; x_wconf 82' lang='lat' dir='ltr'>Quae</span> <span class='ocrx_word' id='word_1_205' title='bbox 1204 2464 1367 2512; x_wconf 82' lang='lat' dir='ltr'>ultima</span> <span class='ocrx_word' id='word_1_206' title='bbox 1395 2462 1458 2510; x_wconf 83' lang='lat' dir='ltr'>fic</span> 
     </span>
     <span class='ocr_line' id='line_1_32' title="bbox 147 2535 1452 2595; baseline -0.005 -11"><span class='ocrx_word' id='word_1_207' title='bbox 147 2549 294 2584; x_wconf 82' lang='lat' dir='ltr'>verto,</span> <span class='ocrx_word' id='word_1_208' title='bbox 321 2557 346 2580; x_wconf 91' lang='lat'>«</span> <span class='ocrx_word' id='word_1_209' title='bbox 363 2535 498 2582; x_wconf 83' lang='lat' dir='ltr'>Adeo</span> <span class='ocrx_word' id='word_1_210' title='bbox 519 2535 694 2584; x_wconf 78' lang='lat' dir='ltr'>utboni</span> <span class='ocrx_word' id='word_1_211' title='bbox 714 2536 866 2584; x_wconf 80' lang='lat' dir='ltr'>Poetae</span> <span class='ocrx_word' id='word_1_212' title='bbox 888 2552 1059 2582; x_wconf 83' lang='lat' dir='ltr'>nomen</span> <span class='ocrx_word' id='word_1_213' title='bbox 1074 2535 1171 2595; x_wconf 77' lang='lat' dir='ltr'>jure</span> <span class='ocrx_word' id='word_1_214' title='bbox 1192 2545 1452 2581; x_wconf 83' lang='lat' dir='ltr'>mereatur:</span> 
     </span>
     <span class='ocr_line' id='line_1_33' title="bbox 150 2599 1454 2718; baseline 0.001 -72"><span class='ocrx_word' id='word_1_215' title='bbox 150 2622 178 2646; x_wconf 71' lang='lat' dir='ltr'>n</span> <span class='ocrx_word' id='word_1_216' title='bbox 213 2602 507 2718; x_wconf 24' lang='lat' dir='ltr'>quisq—quidem</span> <span class='ocrx_word' id='word_1_217' title='bbox 549 2603 689 2669; x_wconf 85' lang='lat' dir='ltr'>pluris</span> <span class='ocrx_word' id='word_1_218' title='bbox 715 2604 1040 2665; x_wconf 75' lang='lat' dir='ltr'>aestimaretur,</span> <span class='ocrx_word' id='word_1_219' title='bbox 1076 2602 1106 2651; x_wconf 85' lang='lat' dir='ltr'>fi</span> <span class='ocrx_word' id='word_1_220' title='bbox 1131 2599 1279 2669; x_wconf 80' lang='lat' dir='ltr'>mag&#39;is</span> <span class='ocrx_word' id='word_1_221' title='bbox 1313 2599 1454 2648; x_wconf 86' lang='lat' dir='ltr'>inno-</span> 
     </span>
     <span class='ocr_line' id='line_1_34' title="bbox 149 2682 417 2723; baseline -0.011 -6"><span class='ocrx_word' id='word_1_222' title='bbox 149 2689 177 2717; x_wconf 73' lang='grc' dir='ltr'>ι)</span> <span class='ocrx_word' id='word_1_223' title='bbox 214 2682 417 2723; x_wconf 77' lang='lat' dir='ltr'>tu1,et›&gt;,</span> 
     </span>
    </p>
   </div>
  </div>
 </body>
</html>
