1627 3056
178 152 253 187 ωδ
715 145 953 185 No‘rAE

169 212 296 253 vertit
320 209 462 251 Buzio.
487 210 548 251 Ib.
575 210 729 259 Italis,
759 227 904 265 nempe
926 226 999 265 pro
1027 211 1188 253 Italicis
1215 211 1380 267 legibus.

225 275 316 316 762.
342 265 542 308 Juvenem.
573 266 870 306 Alexandrum.
903 268 950 307 C.
977 267 1069 307 Col.
1099 269 1149 307 Τ.
1180 268 1473 324 Aliisjuveni,

171 334 321 372 nempe
344 320 534 370 Scipioni.
708 328 712 333 ·

227 381 318 424 764.
348 374 482 425 Cursu.
502 373 564 413 Sic
588 386 730 413 omnes
763 374 940 427 antiqui,
971 388 1054 414 non
1079 375 1227 425 cuzfim.

222 435 318 476 766.
341 427 423 468 Sua
448 427 599 467 mania.
628 427 885 467 Alexandria
906 427 1087 482 AEgypti.
1113 429 1250 468 Plures
1274 428 1376 469 aliae.

222 495 317 531 770.
347 482 463 520 Fare.
495 482 543 520 C.
572 482 665 520 Col.
691 483 742 521 T.
766 483 873 521 Aliis
889 483 1016 534 scire,
1043 482 1122 521 sine
1144 484 1267 521 sensu.

223 549 319 585 773.
345 534 478 574 Artis.
507 535 555 574 C.
589 536 681 576 Col.
712 537 867 575 Frustra
894 539 936 575 in
964 536 1051 576 aliis
1078 535 1205 585 astris.
1230 535 1335 582 Dic,
1362 536 1477 576 rebus

174 602 226 630 ex
248 588 343 628 artis
368 587 539 628 emersit.

227 650 321 693 776.
354 642 482 693 Croefi.
527 641 712 694 Propert.
737 643 764 681 1.
789 642 868 684 111.
909 643 969 682 El.
993 660 1033 691 4.
1058 657 1099 683 v,
1135 657 1196 693 17.
1235 644 1285 683 V.
1314 644 1480 696 sequens

173 696 282 736 deest
310 697 351 735 in
373 699 425 736 R.
451 711 483 734 1.
512 700 551 735 δε
577 697 712 736 Marso
733 697 921 736 secundo.

227 765 319 800 779.
350 750 539 796 Inveni-³,
579 749 693 800 castrt
722 750 795 789 cui.
828 752 889 790 Sic
918 749 1032 801 castoe
1062 753 1164 789 ῑεᾶε
1197 749 1238 788 in
1274 750 1480 790 omnibus.

171 804 248 843 Nil
276 803 334 842 hic
363 805 656 844 intellexerunt
684 804 860 844 editores
885 805 982 844 dum
1007 805 1152 844 volunt
1178 803 1295 854 casti,
1322 805 1385 843 vel
1413 805 1479 844 in-

171 859 269 896 vitis
296 858 552 898 membranis.
586 858 666 897 Dic
693 857 859 912 effigiem
878 890 888 906 ,
912 859 975 898 cui
997 857 1111 908 castae
1142 857 1312 911 effigiei,
1345 862 1420 898 &c.
1449 882 1480 889 --

172 912 276 951 Non
307 913 477 966 emergit
511 912 640 952 Drak.
673 914 744 966 qui
771 913 857 953 edit
892 911 1039 963 castam
1071 912 1151 952 fine
1184 912 1277 954 fide.
1312 911 1487 967 Effigies

174 978 311 1005 autem
339 967 392 1006 est
416 968 566 1006 umbra.

228 1025 320 1070 784.
350 1021 497 1074 Quc‘im.
525 1018 694 1071 Optime
725 1034 758 1059 c.
786 1020 879 1059 Col.
906 1020 989 1061 Ox.
1018 1018 1125 1059 Aliis
1151 1035 1274 1072 quem.

228 1088 320 1124 790.
355 1076 544 1115 cerneret.
571 1075 626 1112 Ea
648 1088 733 1113 non
751 1074 855 1114 vidit
874 1074 945 1113 nisi
961 1075 1044 1127 post
1062 1088 1265 1123 mortem5
1286 1075 1488 1129 descripsit

177 1141 272 1167 ante
301 1142 492 1168 mortem.

230 1196 322 1227 '⁷92-
351 1183 597 1235 Persul‘tans.
629 1183 681 1222 R.
709 1196 747 1221 2.
780 1196 822 1222 ut
850 1182 892 1221 in
922 1182 1099 1236 Virgilio
1125 1194 1337 1234 pererrat,
1357 1184 1385 1225 l.
1409 1184 1483 1224 IV.

179 1243 272 1284 363.
299 1237 407 1276 Aliis
431 1236 685 1288 perlustrans.

231 1297 326 1340 796.
348 1291 538 1330 AEacida.
565 1291 626 1330 Sic
655 1304 823 1337 omnes,
852 1294 892 1331 &
920 1293 1021 1329 τεῶ-ε
1047 1289 1212 1331 adstruit
1236 1291 1363 1331 Drak.

233 1348 322 1392 798.
353 1345 618 1397 Graffantum.
647 1347 771 1384 Locus
805 1347 882 1384 huc
915 1347 1034 1396 usque
1067 1345 1252 1392 luxatus,
1280 1360 1322 1385 ut
1352 1346 1484 1386 aiebat

179 1397 390 1450 Heynfius.
421 1401 510 1439 Nec
545 1413 595 1439 eo
625 1399 786 1438 felicior
811 1401 937 1438 Drak.
969 1398 1130 1450 reliquit
1159 1401 1385 1452 gratantum
1404 1431 1414 1447 ‚
1444 1414 1487 1440 ut

177 1451 222 1488 in
249 1453 351 1491 aliis.
382 1453 545 1493 Alludit
570 1453 620 1492 ad
647 1453 884 1505 Virgil.VI.
913 1466 1160 1503 7105-712,
1189 1457 1227 1492 ὅ(
1264 1468 1364 1502 305,
1393 1463 1483 1500 318.

176 1517 294 1545 ruunt
315 1521 451 1558 nempe
474 1522 616 1560 magno
644 1509 840 1560 concursu.
888 1508 990 1546 Mox
1018 1506 1169 1557 accipit
1192 1523 1204 1544 .-
1234 1508 1275 1547 id
1305 1509 1390 1556 est,
1416 1508 1480 1548 νὶ-

179 1563 263 1606 det,
285 1561 395 1601 novit
417 1576 503 1615 quae
532 1561 606 1602 fint
628 1563 787 1602 umbrae.
819 1563 921 1601 Mox
950 1575 1045 1602 ecce.
1074 1561 1213 1613 Inepte
1235 1563 1365 1603 Drak.
1394 1576 1485 1601 cum

180 1615 268 1653 aliis
285 1614 373 1656 inde
393 1619 461 1655 :in
480 1616 655 1669 antiquis
681 1616 764 1664 ire,
791 1629 814 1657 a
830 1616 1030 1656 Librariis.
1059 1616 1180 1655 Certe
1197 1616 1346 1655 latebat
1363 1617 1406 1655 in
1425 1616 1486 1655 his

175 1668 352 1708 versibus
385 1671 493 1709 ulcus
525 1671 798 1717 Chironium,
829 1684 871 1709 ut
909 1670 1108 1709 fatebatur
1147 1671 1294 1721 Heyns.
1328 1675 1366 1711 &
1406 1671 1487 1721 ipse

179 1720 251 1760 diu
278 1722 420 1762 dubius
447 1724 536 1764 haefi
555 1738 773 1777 antequam
795 1727 998 1765 auetorem
1016 1724 1059 1762 in
1078 1724 1163 1776 ipso
1188 1728 1349 1765 audiere
1369 1722 1485 1765 dete-

185 1789 336 1828 gerem.

235 1838 325 1876 803.
350 1830 549 1870 Ithacum.
589 1830 776 1883 Ulyffem.
802 1830 862 1869 Ib.
895 1830 1048 1870 Peleia.
1072 1830 1260 1876 Achillis.

237 1892 329 1931 805.
359 1884 587 1924 Alternam.
614 1886 788 1924 Homer.
819 1882 965 1935 Odyss.
989 1884 1060 1923 XI.
1094 1898 1182 1931 302.
1239 1924 1242 1927 ,

241 1947 333 1987 814.
366 1940 613 1989 Intravz'tque
649 1940 759 1990 ccisoe.
789 1939 835 1978 C.
858 1939 953 1978 Col.
981 1938 1029 1977 s1c
1059 1938 1086 1976 l.
1125 1938 1196 1976 VI.
1226 1947 1319 1988 498.
1342 1938 1487 1980 intrare

174 1993 315 2045 puppi.
344 1992 450 2032 Aliis
479 1993 688 2044 instravit,
712 1991 905 2043 lustravit.
938 1992 997 2031 Ib.
1024 1992 1237 2033 revocavit.
1256 1994 1321 2033 De
1339 1994 1485 2034 mulie·

181 2047 290 2086 ribus
321 2047 490 2087 Sabinis.

237 2108 327 2149 817.
361 2100 528 2155 Tetigit.
556 2103 588 2140 E
619 2101 831 2143 Cicerone.
860 2101 1001 2142 Sensus
1029 2099 1081 2139 est
1110 2112 1200 2139 eam
1229 2113 1315 2140 non
1344 2100 1489 2141 omnia

182 2152 392 2202 ceciniffe5
416 2156 483 2195 sed
511 2156 656 2196 leviter
681 2155 863 2209 quaedam
886 2152 1072 2208 tetigiise.
1103 2154 1214 2194 Male
1240 2155 1391 2208 Heyns.
1423 2169 1488 2195 ce-

184 2210 280 2250 cinit
305 2207 438 2249 offert.

241 2272 330 2313 824.
359 2264 561 2318 Vir-ginia.
589 2262 695 2303 Vide
717 2263 826 2302 Flor.
853 2263 880 2302 l.
907 2262 940 2301 Ι.
970 2276 1001 2301 c.
1025 2262 1173 2301 XXIV.

242 2327 331 2365 839.
366 2316 586 2358 Tondetur.
614 2320 678 2358 Sic
703 2331 846 2357 omnes
872 2317 1026 2369 antiqui
1059 2333 1066 2355 :
1094 2329 1177 2355 non
1206 2320 1414 2363 tundetur,
1445 2328 1491 2356 ut

184 2429 348 2465 tundens
371 2443 381 2464 :
401 2440 489 2466 cum
512 2427 691 2479 pluribus
712 2425 863 2476 scriptis
887 2426 1025 2464 malim
1047 2429 1230 2472 tandem,
1249 2425 1488 2464 Graecorum

186 2479 240 2519 est
265 2480 427 2532 ἀνακεῖρω
447 2512 456 2525 ,
490 2480 706 2531 κατοικεῖξω,
734 2477 924 2530 depasto,
950 2480 1128 2518 absumo.

247 2541 336 2581 845.
364 2535 551 2575 Orthrus.
576 2537 623 2574 C.
647 2534 738 2574 Col.
762 2534 882 2572 Canis
904 2532 1025 2572 frater
1050 2531 1228 2573 Cerberi.
1252 2531 1385 2571 Graeci
1415 2545 1488 2570 va-

188 2585 294 2624 riant
320 2586 531 2627 scribendo
567 2587 741 2628 Orthros
771 2590 810 2626 ὃς
841 2586 1007 2627 Orthos.
1041 2587 1102 2626 Sic
1128 2586 1234 2625 forte
1266 2584 1419 2625 Orthus
1446 2587 1489 2624 in

184 2640 289 2680 Silio
329 2654 350 2680 e
388 2654 420 2680 c.
457 2642 503 2680 Ρ.
537 2642 604 2682 ubi
631 2640 820 2691 Orclucs,
852 2656 873 2682 c
899 2655 974 2696 pro
999 2652 1038 2690 t,
1075 2654 1117 2685 ut
1145 2641 1356 2695 saepiffime.
1381 2639 1486 2682 Aliis

169 2692 323 2751 prcus
337 2725 349 2744 ‚
375 2694 532 2751 frustra.
