1653 3056
48 239 108 289 ‘145

41 580 107 629 50

48 917 103 963 55

39 1239 72 1287 '6
79 1258 106 1288 o

42 1931 105 1972 70

41 2264 101 2312 ῦς

469 127 815 184 L113ER
896 127 968 186 V.
1385 129 1466 208 87

149 224 212 274 At
231 239 340 273 cura
359 223 577 272 umbroso
601 223 806 273 servabat
823 223 995 272 vertice
1014 223 1181 272 montis

148 291 376 340 Hostilem
398 290 644 359 ingressum
665 331 677 352 ,
705 291 893 357 refugos
926 290 1133 339 habitura
1159 291 1243 339 sub
1272 292 1381 343 ictu.

146 359 292 408 Haud
316 359 441 408 secus
458 399 471 420 ‚
494 376 549 407 ac
578 359 745 407 vitreas
769 358 924 406 sollers
951 357 1147 420 piscator
1171 359 1227 407 ad
1247 362 1392 410 undas
1412 399 1426 423 ,

144 427 248 475 Ore
268 429 422 476 levem
443 427 603 491 patulo
623 441 781 475 texens
805 426 860 474 de
883 425 1057 474 vimine
1078 426 1250 475 naffam

144 495 335 544 Caudixs
360 494 578 543 interiora
600 494 739 562 ligat,
760 494 1057 558 mediamque
1079 512 1160 557 per
1180 496 1340 545 alvum

142 563 318 612 Sensim
337 563 545 631 fastigans
559 603 572 625 ‚
597 561 848 626 compressa
871 562 1114 611 cacumina
1134 563 1272 612 nestit
1290 603 1304 625 ,

143 630 219 679 Ac
239 631 400 679 fraude
422 632 552 679 artati
572 648 775 679 remeate
797 629 1035 678 foraminis
1059 647 1185 678 arcet

143 699 344 748 Intro'itu
367 698 580 761 facilem,
603 716 743 764 quem
769 697 903 746 traxit
922 699 977 745 ab
999 715 1181 762 aequore
1197 737 1213 760 ,
1234 698 1427 763 piscem,

216 765 366 815 Ocius
391 766 563 815 interea
585 765 782 830 propelli
801 765 926 831 signa
947 763 1136 828 jubebat

144 831 366 881 Excuffiis
389 833 563 881 Consul
583 873 594 894 ,
622 833 823 882 fatorum
844 833 1026 882 turbine
1045 873 1057 894 ‚
1084 846 1290 881 mentem
1313 854 1324 882 :

142 901 313 949 Donec
337 900 662 950 flammiferum
689 900 900 948 tollentes
930 918 1110 965 aequore
1135 918 1326 950 currum

142 968 260 1016 Solis
278 969 383 1032 equi
403 969 603 1032 sparsere
622 968 746 1017 diem
766 989 776 1016 z
796 968 982 1032 jamque
1002 971 1113 1016 orbe
1133 983 1292 1016 renato

144 1035 364 1084 Diluerat
385 1037 573 1085 nebulas
595 1036 734 1103 Titan
752 1076 763 1097 ‚
790 1036 1042 1100 sensimque
1065 1037 1240 1085 fluebat

144 1103 313 1170 Caligo
335 1103 382 1152 in
402 1119 542 1152 terras
564 1103 707 1152 nitido
728 1104 925 1152 resoluta
948 1105 1122 1152 sereno.

144 1172 286 1220 Tunc
309 1171 400 1219 ales
418 1211 430 1234 ‚
453 1171 655 1235 priscum
675 1171 856 1235 populis
874 1172 930 1219 de
949 1189 1079 1219 more
1103 1170 1279 1220 Latinis

141 1237 417 1301 Auspicium
431 1278 441 1296 ,
460 1257 602 1304 quum
615 1239 737 1287 bella
750 1254 911 1303 parant
927 1279 939 1300 ,
959 1238 1226 1303 mentesque
1247 1244 1463 1290 Deorum

142 1306 399 1368 Explorant
419 1307 553 1369 super
572 1324 743 1357 eventu
762 1347 773 1369 ,
799 1325 884 1355 ceu
907 1306 1092 1369 praescia
1114 1305 1259 1355 luc‘tfis

141 1373 398 1422 Damnavit
423 1374 548 1423 vesci
567 1413 578 1434 ,
603 1375 879 1438 planctuque
901 1373 1117 1422 alimenta
1137 1374 1326 1442 refugit.

143 1440 254 1489 Nec
276 1458 416 1489 rauco
439 1457 593 1489 taurus
616 1441 800 1491 cessavit
822 1441 974 1490 flebile
996 1443 1052 1489 ad
1078 1460 1174 1489 aras

142 1509 393 1574 Immugire
416 1508 524 1556 sono
543 1549 555 1570 ‚
579 1508 869 1573 pressamque
893 1509 947 1556 ad
971 1509 1092 1557 colla
1111 1508 1365 1572 bipennem

145 1576 326 1624 Incerta
355 1577 536 1625 cervice
555 1577 707 1624 ferens
725 1617 736 1637 ,
762 1578 919 1625 altaria
939 1577 1088 1641 liquit.

139 1644 284 1710 Signa
305 1642 443 1692 etiam
467 1642 614 1692 effusa
635 1658 811 1692 certant
831 1644 939 1692 cium
962 1645 1138 1693 vellere
1158 1644 1313 1707 mole,

143 1710 299 1759 Taeter
317 1711 457 1759 humo
483 1712 635 1760 lacera
655 1710 879 1760 nitentum
901 1711 1046 1774 erupit
1067 1712 1113 1760 in
1139 1729 1219 1759 ora

140 1778 385 1826 Exsultans
412 1797 578 1841 cruor,
604 1785 645 1829 δε
670 1780 802 1828 caedis
831 1780 1111 1828 documenta
1131 1779 1296 1827 futurae

141 1845 244 1907 Ipsa
263 1864 426 1909 parens
448 1847 621 1895 miseris
641 1847 818 1914 gremio
842 1847 965 1897 dedit
989 1861 1087 1895 atra
1105 1861 1327 1896 cruento:

139 1913 213 1961 Ac
230 1913 361 1977 super
381 1914 477 1963 haec
498 1914 678 1965 Divum
700 1915 878 1982 genitor
892 1955 904 1976 ,
921 1914 1151 1980 terrasque
1169 1956 1181 1975 ,
1200 1914 1468 1981 fretumque

142 1981 428 2031 Concutiens
448 1981 615 2031 tonitru
631 2022 642 2043 ,
665 1982 930 2046 Cyclopum
954 1998 1080 2046 rapta
1100 1982 1292 2031 caminis

142 2048 359 2099 Fulmina
377 2091 388 2111 ‚
413 2050 680 2114 Tyrrhenas
698 2049 1010 2115 Thrasymeni
1032 2050 1153 2098 torfit
1172 2050 1217 2098 in
1242 2050 1387 2099 undas
1406 2068 1424 2098 ε

140 2118 260 2165 Istus
288 2123 329 2166 &
352 2117 548 2166 aetherefi.
576 2135 658 2180 per
681 2118 833 2184 stagna
856 2117 1056 2180 patentia
1079 2117 1267 2166 flamma

142 2183 360 2235 Fumavit
380 2186 506 2233 lacus
522 2225 535 2245 ‚
563 2199 697 2250 atque
719 2185 919 2233 arserunt
939 2185 1146 2233 fluctibus
1167 2185 1314 2252 ignes.

143 2251 281 2300 Heu!
301 2252 410 2300 vani
427 2253 629 2302 monitus
645 2293 656 2315 ‚
680 2252 928 2317 frustraque
948 2252 1176 2301 morantia
1197 2252 1367 2304 Parcas

143 2319 385 2388 Prodigia!
407 2319 521 2371 heu!
545 2318 647 2369 fatis
666 2319 831 2383 Superi
853 2333 1026 2369 certare
1050 2319 1278 2369 minores!

144 2385 301 2451 Atque
322 2386 423 2449 hic,
449 2387 659 2454 egregius
677 2386 843 2455 linguae
863 2427 875 2449 ‚
898 2404 1164 2451 nomenque
1187 2387 1438 2454 superbum

144 2452 378 2504 Corvinus
393 2490 408 2511 ,
422 2454 628 2504 Phoebea
647 2455 772 2504 sedet
792 2455 866 2505 cui
887 2455 1052 2505 caffide
1072 2452 1205 2505 fulva

148 2519 396 2570 Ostentans
428 2522 521 2570 ales
548 2522 765 2585 proavitae
792 2522 983 2591 insignia
1003 2540 1172 2591 pugnae
1191 2561 1205 2584 ‚

46 2591 109 2646 80
143 2586 310 2638 Plenus
331 2594 373 2638 &
393 2589 487 2653 ipse
507 2590 666 2641 Derim
689 2596 732 2640 δε
754 2590 930 2641 socium
950 2605 1149 2641 terrente
1170 2605 1348 2654 pavore

150 2654 385 2714 ,Immiscet
402 2658 616 2735 grecibus
632 2658 806 2717 monita
820 2699 836 2730 ,
857 2673 993 2733 atque
1020 2659 1090 2715 his
1107 2658 1303 2722 vocibus
1319 2655 1450 2718 iufitz
