1627 3056
162 161 273 212 262
523 152 1272 214 S1L11ITAL101

162 271 185 317 ς
198 270 256 318 50
288 250 418 300 Tum
435 290 448 313 ,
474 250 652 300 seducta
670 250 777 299 loco
793 290 806 313 ‚
831 257 872 300 ἃ
895 252 1047 301 laxata
1068 253 1222 302 lucida
1241 256 1373 303 noete

292 320 497 368 Claustra
516 318 663 367 nitent
676 358 689 380 ,
713 336 809 383 quae
833 319 995 369 secreti
1013 338 1095 383 per
1112 321 1268 370 limitis
1282 323 1497 372 umbram

288 386 464 450 Elysios
489 386 662 434 ducunt
680 403 882 449 campos.
906 387 1004 436 Hic
1025 390 1155 436 turba
1175 389 1356 450 piorum

287 454 396 503 Nec
415 453 575 520 Stygio
591 453 636 501 in
657 470 799 520 regno
817 493 830 515 ‚
854 454 961 502 coeli
982 472 1070 503 nec
1089 455 1210 517 posta
1231 454 1310 503 sub
1333 473 1417 504 axe
1439 475 1452 505 τ

284 519 465 571 Verum
484 560 497 581 ‚
520 523 637 569 ultra
661 520 910 569 Oceanum
934 520 1059 569 sacm
1081 522 1366 572 contermina
1389 523 1530 586 fonti,

154 607 246 655 555
283 587 496 637 Lethaeos
519 602 645 652 potat
667 587 825 637 latices
851 588 1024 636 oblivia
1046 588 1224 639 mentiS.

282 657 501 706 Extrema
518 655 627 704 hinc
646 693 660 717 ,
681 673 792 704 auro
811 656 994 722 fulgens
1009 694 1022 716 ‚
1041 655 1136 721 jam
1155 656 1272 705 lucis
1295 656 1521 706 honorem

284 724 432 772 Sentit
449 762 461 784 ‚
486 728 529 772 &
549 722 733 770 admoto
755 723 960 786 splendet
977 740 1064 771 ceu
1085 723 1226 772 fidere
1246 724 1382 773 lunae.

283 790 395 839 Hac
418 791 579 839 animae
601 789 771 838 coelum
790 803 1027 854 repetunt3
1050 807 1103 839 ac
1121 831 1134 852 ,
1160 791 1288 839 mille
1306 791 1521 855 perafflQ

285 858 456 908 Oblitae
480 857 620 906 ditem
640 857 833 906 redeunt
850 858 895 905 in
917 875 1107 921 corpora
1122 897 1134 919 ,
1159 858 1316 908 IustriS.

147 943 177 991 5
187 935 246 977 60
280 925 382 975 Has
407 925 566 991 paffim
583 963 596 986 ‚
617 924 800 992 nigrum
818 925 1020 989 pandens
1040 944 1162 974 mors
1183 925 1329 974 lurida
1350 926 1510 975 riestum
1525 965 1540 989 ‚

281 996 413 1058 Itque
435 993 640 1058 reditque
656 993 752 1043 vias
770 1033 782 1055 ‚
808 999 850 1041 &
870 993 1009 1056 portis
1036 993 1247 1041 omnibus
1269 1008 1403 1041 errat.

345 1059 476 1109 Tum
493 1060 614 1125 jacet
630 1060 675 1109 in
695 1060 890 1124 spatium
911 1060 1000 1108 fine
1023 1078 1212 1124 corpore
1234 1060 1362 1126 pigra
1380 1076 1580 1128 vorago,

277 1126 544 1192 Limosique
566 1129 694 1177 lacus
717 1148 728 1177 ε
758 1130 848 1176 late
873 1128 1207 1176 exundantibus
1229 1129 1318 1174 urit

272 1194 414 1259 Ripas
432 1195 573 1245 saevus
590 1195 717 1261 aquis
735 1196 991 1263 Phlegeton
1007 1234 1019 1256 ,
1045 1201 1088 1244 &
1104 1233 1116 1256 ‚
1138 1195 1318 1243 turbine
1339 1193 1506 1243 anhelo
1520 1230 1539 1254 ,

145 1272 208 1330 56
217 1280 238 1327 5
275 1262 592 1311 flammarum
616 1263 829 1311 resonans
849 1263 1001 1310 saxosa
1019 1262 1229 1310 incendia
1250 1275 1444 1326 torquet.

277 1330 410 1379 Parte
427 1330 520 1379 sali&
543 1345 716 1380 torrens
739 1329 941 1394 Cocytos
961 1329 1186 1396 sanguinis
1204 1328 1287 1377 atri

272 1396 540 1448 Vorticibus
558 1396 694 1459 furit,
722 1402 763 1445 δε
784 1396 1009 1459 spumanti
1027 1396 1206 1464 gurgite
1227 1396 1385 1446 fertur.

273 1466 366 1526 At,
395 1465 573 1533 magnis
596 1465 773 1528 semper
794 1464 928 1513 Divis
945 1504 957 1525 ‚
985 1465 1173 1532 regique
1196 1464 1407 1512 Deorum

275 1533 427 1587 Jurari
448 1533 630 1600 dignata
651 1533 781 1595 palus
798 1571 810 1593 ,
838 1531 950 1596 picis
971 1531 1153 1580 horrida
1174 1530 1272 1579 rivo

140 1620 237 1668 570
269 1600 559 1651 Fumiferum
575 1599 724 1650 volvit
745 1600 858 1663 Styx
877 1600 994 1648 inter
1014 1598 1183 1647 sulfura
1206 1598 1393 1647 limum.

136 1667 139 1670 ’
270 1667 461 1716 Tristior
481 1667 549 1716 his
571 1667 792 1716 Acheron
812 1666 930 1715 sanie
954 1665 1184 1730 crassoque
1203 1682 1384 1715 veneno

268 1733 443 1784 AEstuat
457 1773 468 1795 ,
490 1741 548 1796 &,
566 1734 765 1801 gelidam
781 1735 982 1781 eruffrans
1004 1750 1112 1781 cum
1129 1750 1363 1781 murmure
1383 1748 1571 1784 arenant

269 1801 522 1851 Descendit
544 1802 671 1868 nigra
692 1801 837 1849 lentus
859 1819 939 1865 per
959 1801 1111 1866 stagna
1134 1800 1318 1863 palude.

268 1870 411 1919 Hanc
430 1882 556 1933 potat
578 1869 747 1917 saniem
768 1885 859 1916 non
883 1885 974 1916 uno
994 1868 1223 1916 Cerberus
1243 1884 1337 1915 ore.

132 1955 227 2004 5575
264 1937 383 1987 Haec
406 1943 448 1985 &
469 1935 742 2001 Tisiphones
760 1935 860 1983 sunt
878 1935 1049 1999 pocula
1065 1973 1079 1996 ,
1103 1940 1144 1984 &
1165 1937 1260 1984 atra
1281 1934 1484 2001 Megaera

131 2001 137 2011 ⁴
267 2004 398 2055 Hinc
419 2003 503 2053 sitit
522 2044 535 2066 ,
560 2021 613 2053 ac
632 2003 762 2052 nullo
784 2002 929 2051 rabies
948 2001 1230 2069 restinguitur
1253 2001 1429 2050 haustu.

332 2072 543 2121 Ultimus
561 2070 758 2135 erumpit
774 2070 1081 2135 lacrymarum
1098 2069 1302 2118 fontibus
1322 2067 1466 2117 amnis

266 2141 393 2190 Ante
411 2139 585 2200 aulam,
611 2152 747 2204 atque
766 2137 915 2186 aditus
932 2175 944 2197 ,
970 2135 1312 2186 &inexorabile
1333 2136 1492 2185 limen.

261 2209 451 2274 Quanta
471 2205 660 2265 cohors,
681 2204 807 2254 omni
836 2204 1083 2253 stabulante
1104 2220 1185 2267 per
1203 2202 1312 2251 atria
1332 2203 1558 2264 monstro,

128 2282 225 2344 '380
261 2276 494 2336 Excubat,
514 2279 557 2322 &
577 2290 735 2322 manes
755 2271 980 2336 permixto
1000 2287 1232 2320 murmure
1255 2284 1392 2318 terret
1412 2278 1422 2318 ε

261 2343 432 2394 Luctus
450 2341 587 2397 edax,
603 2340 861 2405 maciesque
880 2338 1011 2387 malis
1029 2356 1183 2387 comes
1205 2337 1354 2386 addita
1371 2335 1556 2399 morbis,

259 2411 322 2459 Et
342 2425 503 2457 maeror
521 2409 666 2472 pastus
687 2411 818 2470 fletu,
842 2412 884 2456 &
905 2406 995 2455 fine
1016 2405 1230 2472 sanguine
1251 2404 1397 2469 pallor
1411 2443 1424 2465 ‚

253 2474 781 2541 Curaeque,ins1diaeque‚
796 2489 928 2539 atque
937 2473 1044 2522 hinc
1055 2472 1331 2539 queribunda
1342 2471 1555 2532 senefffls,

258 2543 389 2592 Hinc
407 2558 576 2609 angens
598 2557 787 2608 utraque
806 2559 946 2590 manu
968 2539 1045 2589 sua
1071 2554 1252 2609 guttura
1273 2539 1416 2601 livor,

126 2617 220 2681 '585
257 2611 318 2660 Et
340 2609 546 2658 deforme
567 2611 742 2658 malum
764 2627 817 2658 ac
839 2609 868 2657 s
858 2609 994 2657 celeri
1018 2608 1234 2671 proclivis
1253 2606 1419 2674 egestas
1436 2643 1450 2667 ‚

253 2677 486 2746 Errorque
503 2675 643 2729 infido
659 2676 807 2747 gteffu
822 2716 837 2742 ‚
860 2682 903 2728 δι
920 2675 1146 2728 discordia
1164 2675 1366 2745 gaudens
