1627 3056
393 165 752 224 Lrssrzrz
833 163 1110 225 XVII.
1358 180 1468 244 339

159 263 306 316 Nulla
326 265 457 330 pulsa
478 281 619 313 manu
638 264 885 313 sonuerunt
907 279 1123 329 tympana
1143 261 1296 313 Divae.

159 333 323 381 Fertur
346 351 491 398 prona
511 334 616 381 ratis
629 348 818 393 yventos
839 330 1076 395 impellere
1099 331 1282 382 credas;

59 418 119 463 45
157 401 422 465 Contraque
447 399 655 449 adversas
676 401 922 448 ducentem
942 398 1160 463 praevenit
1178 398 1342 450 undas.

159 468 408 532 Extemplo
426 468 575 533 major
594 469 767 516 cunstis
788 468 886 531 spes
906 469 1090 529 pectora
1110 467 1314 528 mulcet,

154 535 323 585 Finem
346 535 481 585 armis
500 535 711 597 tandem,
734 535 967 599 finemque
990 533 1149 582 venire
1169 533 1372 597 periclis,

230 604 333 666 Ipse
357 605 511 652 alacer
533 600 687 652 Sicula
715 602 949 651 discedens
970 601 1125 665 Scipio
1147 600 1265 650 terr&
1281 640 1298 664 ,

161 670 422 721 Abscondit
443 672 533 719 late
556 670 773 734 propulfis
789 669 1018 736 puppibus
1038 687 1217 734 aequor,

63 756 122 801 50
160 737 252 787 Cui
277 756 450 787 numen
471 738 625 806 pelagi
649 739 912 802 placaverat
929 736 1068 785 hostia
1086 752 1238 785 taurus
1254 776 1270 800 ,

161 807 188 859 J
195 807 383 871 ac0taque
408 807 611 855 caeruleis
631 805 853 854 innabant
870 805 1075 854 fluctibus
1096 819 1218 853 exta.

163 872 305 922 Tunc
330 892 358 923 a
384 874 486 922 sede
503 873 958 939 De&m‚purumque
982 890 1064 936 per
1082 872 1248 921 aethera
1268 872 1406 938 lapsa:

162 940 419 1009 Armigerae
441 942 468 994 J
474 942 570 992 ovis
593 957 696 989 ante
721 941 877 989 oculos
900 941 1082 1002 coepere
1103 941 1317 990 volucres

166 1008 420 1073 AEquoreas
438 1010 683 1059 monstrare
704 1008 797 1057 vias
813 1049 826 1070 ,
848 1027 901 1056 ac
920 1009 1089 1057 ducere
1112 1008 1316 1057 claffem.

71 1092 126 1139 5⁴5
165 1076 432 1143 Augurium
458 1077 651 1143 clangor
670 1077 826 1124 laetum
846 1076 982 1124 dabat
1002 1115 1014 1137 ‚
1037 1075 1142 1124 inde
1164 1074 1306 1126 secuti

166 1143 371 1193 Tantum
390 1144 642 1212 progressos
662 1142 833 1209 liquida
853 1143 934 1192 sub
953 1145 1074 1192 nube
1096 1143 1275 1192 volatus
1288 1184 1301 1204 ,

165 1211 409 1275 Quantum
431 1229 524 1261 non
544 1210 703 1260 frustra
728 1209 1046 1275 speculantium
1071 1211 1247 1261 lumina
1268 1214 1469 1278 servant,

169 1277 326 1327 Litora
349 1280 609 1346 Agenoreae
632 1293 873 1328 tenuerunt
893 1279 1066 1343 perfida
1095 1294 1239 1329 terrae.

167 1346 276 1395 Nec
298 1346 472 1415 segniS,
499 1346 622 1396 tanta
647 1347 694 1396 in
717 1347 858 1396 semet
884 1348 1100 1397 veniente
1119 1346 1322 1411 procella
1336 1388 1350 1411 ‚

74 1420 134 1462 60
170 1414 333 1463 Africa
357 1415 609 1464 terribilem
628 1432 799 1483 magno
823 1415 902 1463 sub
922 1415 1108 1464 nomine
1127 1415 1303 1464 molem

167 1481 310 1548 Regis
329 1501 437 1546 opes
460 1498 618 1533 contra
636 1522 649 1544 ‚
668 1490 710 1532 &
732 1482 926 1547 Maffyla
945 1498 1182 1546 paraverat
1195 1501 1336 1534 arma.

231 1549 435 1616 Spesque
449 1550 637 1616 Syphax
654 1550 841 1614 Libycis
854 1568 943 1599 una
954 1590 966 1612 ,
982 1556 1024 1599 &
1041 1551 1345 1600 Laurentibus
1358 1569 1476 1605 unus

170 1616 347 1665 Terror
369 1633 478 1668 erat.
503 1619 707 1681 Campos
725 1619 894 1682 pariter
915 1618 1153 1683 vallesque
1172 1618 1342 1668 refusas
1358 1658 1374 1684 ,

171 1683 424 1751 Litoraque
444 1685 681 1748 implerat,
701 1686 829 1734 nullo
853 1686 1070 1735 decorare
1096 1700 1248 1749 tapete

72 1752 130 1809 ἐς
170 1751 483 1816 Cornipedem
502 1753 684 1802 Nomas
706 1752 894 1804 assuetus
908 1794 920 1816 ,
946 1754 1185 1819 densaeque
1205 1772 1288 1817 per
1304 1772 1434 1806 auras

171 1819 448 1871 Condebant
467 1822 628 1886 jaculis
649 1822 931 1870 stridentibus
951 1822 1116 1871 aethera
1133 1824 1299 1886 nubes-⁴

171 1888 427 1938 Immemor
448 1890 484 1937 is
506 1888 765 1953 dextraeque
795 1890 907 1938 datae
925 1929 937 1950 ‚
961 1889 1192 1955 junctique
1210 1908 1294 1954 per
1313 1907 1413 1942 aras

169 1953 373 2005 Foederis
389 1997 400 2017 ,
417 1961 458 2005 &
479 1955 657 2004 mensas
678 1958 804 2005 testes
823 1972 956 2022 atque
973 1956 1147 2021 hospita
1162 1957 1267 2022 jura

170 2021 349 2088 Fasque
368 2024 599 2089 fidemque
621 2024 777 2084 fimul,
800 2042 942 2087 pravo
962 2038 1158 2073 mutatus
1174 2043 1333 2076 amore

71 2101 136 2145 qo
169 2089 401 2155 Ruperat,
424 2107 561 2157 atque
578 2105 699 2140 toros
718 2092 847 2158 regni
868 2092 1082 2141 mercede
1106 2092 1302 2156 parfirat.

172 2157 327 2226 Virgo
349 2175 445 2209 erat
464 2158 633 2208 eximia
651 2158 800 2221 specie
816 2199 828 2221 ‚
857 2161 1072 2226 claroque
1087 2176 1299 2225 parente,

173 2225 444 2276 Asdrubalis
470 2227 646 2290 proles,
669 2226 878 2276 thalamis
895 2246 1033 2294 quam
1054 2228 1176 2291 cepit
1195 2244 1244 2279 ut
1268 2227 1396 2295 alus,

175 2292 280 2343 Ceu
306 2294 410 2344 face
434 2294 675 2343 succensus
697 2294 843 2356 primii
861 2336 872 2357 ‚
892 2295 1097 2361 taedfique
1113 2295 1258 2365 jugali

177 2359 334 2410 Vertit
357 2380 465 2425 opes
486 2379 627 2428 gener
648 2362 705 2411 ad
724 2362 890 2411 Poenos
906 2404 917 2424 ,
938 2364 1174 2429 Latiaeque
1194 2364 1343 2415 soluto

75 2440 135 2487 75
172 2426 368 2478 Foedere
389 2429 599 2478 amicitiae
620 2429 787 2479 dotalia
808 2432 1028 2481 transtulit
1042 2450 1183 2482 arma.

242 2495 334 2545 Sed
358 2514 450 2546 non
469 2497 678 2546 Ausonio
699 2515 910 2548 curarum
926 2515 1129 2550 extrema
1148 2501 1413 2567 Syphacem

176 2563 372 2613 Dufiori
390 2564 610 2614 monuisse
632 2566 750 2615 fuit:
773 2566 977 2634 miffique
997 2569 1229 2619 minentur

179 2630 278 2679 Stet
297 2650 440 2701 regno
458 2675 469 2694 ‚
487 2649 665 2697 reputet
685 2634 883 2700 Superos
900 2676 910 2692 ,
946 2639 1072 2701 paeta
1095 2637 1270 2701 hospita
1296 2639 1444 2693 servet
1461 2657 1479 2689 ε

177 2697 348 2770 Longe
364 2701 605 2773 conjugia,
624 2720 680 2757 ac
697 2703 838 2774 longe
856 2703 1026 2774 Tyrios
1047 2704 1314 2822 hynsseflaeos

1181 2788 1218 2843 ¹1
