<?xml version="1.0" encoding="UTF-8"?>
<!DOCTYPE html PUBLIC "-//W3C//DTD XHTML 1.0 Transitional//EN"
    "http://www.w3.org/TR/xhtml1/DTD/xhtml1-transitional.dtd">
<html xmlns="http://www.w3.org/1999/xhtml" xml:lang="en" lang="en">
 <head>
  <title>
</title>
<meta http-equiv="Content-Type" content="text/html;charset=utf-8" />
  <meta name='ocr-system' content='tesseract 3.04.00' />
  <meta name='ocr-capabilities' content='ocr_page ocr_carea ocr_par ocr_line ocrx_word'/>
</head>
<body>
  <div class='ocr_page' id='page_1' title='image "./csiliiitalicideb00sili_0491.png"; bbox 0 0 1627 3056; ppageno 0'>
   <div class='ocr_carea' id='block_1_1' title="bbox 315 178 1402 248">
    <p class='ocr_par' dir='ltr' id='par_1_1' title="bbox 315 178 1402 248">
     <span class='ocr_line' id='line_1_1' title="bbox 315 178 1402 248; baseline 0.029 -30"><span class='ocrx_word' id='word_1_1' title='bbox 315 182 395 219; x_wconf 69' lang='lat' dir='ltr'>ln</span> <span class='ocrx_word' id='word_1_2' title='bbox 455 178 819 230; x_wconf 64' lang='lat' dir='ltr'>’rexi-um.</span> <span class='ocrx_word' id='word_1_3' title='bbox 871 188 996 233; x_wconf 71' lang='grc' dir='ltr'>ιη.</span> <span class='ocrx_word' id='word_1_4' title='bbox 1051 194 1186 241; x_wconf 80' lang='lat' dir='ltr'><strong>XIV.</strong></span> <span class='ocrx_word' id='word_1_5' title='bbox 1325 215 1402 248; x_wconf 74' lang='lat' dir='ltr'>tn</span> 
     </span>
    </p>
   </div>
   <div class='ocr_carea' id='block_1_2' title="bbox 91 237 1405 374">
    <p class='ocr_par' dir='ltr' id='par_1_2' title="bbox 91 237 1405 374">
     <span class='ocr_line' id='line_1_2' title="bbox 94 237 1405 323; baseline 0.025 -44"><span class='ocrx_word' id='word_1_6' title='bbox 94 237 164 282; x_wconf 79' lang='lat' dir='ltr'>sed</span> <span class='ocrx_word' id='word_1_7' title='bbox 191 255 222 293; x_wconf 81' lang='lat' dir='ltr'>p</span> <span class='ocrx_word' id='word_1_8' title='bbox 245 246 421 285; x_wconf 82' lang='lat' dir='ltr'>occurrit</span> <span class='ocrx_word' id='word_1_9' title='bbox 449 246 595 289; x_wconf 85' lang='lat' dir='ltr'>iterum</span> <span class='ocrx_word' id='word_1_10' title='bbox 626 250 667 291; x_wconf 86' lang='lat' dir='ltr'>in</span> <span class='ocrx_word' id='word_1_11' title='bbox 707 254 811 295; x_wconf 75' lang='lat' dir='ltr'>fallis</span> <span class='ocrx_word' id='word_1_12' title='bbox 845 256 1405 323; x_wconf 60' lang='lat' dir='ltr'>leuionibus,1²lacenzina,</span> 
     </span>
     <span class='ocr_line' id='line_1_3' title="bbox 91 296 1402 374; baseline 0.027 -43"><span class='ocrx_word' id='word_1_13' title='bbox 91 296 147 337; x_wconf 87' lang='lat' dir='ltr'>R.</span> <span class='ocrx_word' id='word_1_14' title='bbox 176 311 191 337; x_wconf 83' lang='lat'>1</span> <span class='ocrx_word' id='word_1_15' title='bbox 220 310 254 336; x_wconf 88' lang='lat' dir='ltr'>c.</span> <span class='ocrx_word' id='word_1_16' title='bbox 279 299 329 337; x_wconf 80' lang='lat' dir='ltr'>T.</span> <span class='ocrx_word' id='word_1_17' title='bbox 350 299 474 351; x_wconf 83' lang='lat' dir='ltr'>igitur</span> <span class='ocrx_word' id='word_1_18' title='bbox 498 304 614 344; x_wconf 81' lang='lat' dir='ltr'>servo</span> <span class='ocrx_word' id='word_1_19' title='bbox 637 309 711 349; x_wconf 80' lang='lat' dir='ltr'>Plz.</span> <span class='ocrx_word' id='word_1_20' title='bbox 743 310 915 351; x_wconf 84' lang='lat' dir='ltr'>Putidus</span> <span class='ocrx_word' id='word_1_21' title='bbox 940 315 994 353; x_wconf 86' lang='lat' dir='ltr'>est</span> <span class='ocrx_word' id='word_1_22' title='bbox 1018 316 1149 359; x_wconf 89' lang='lat' dir='ltr'>Buzio</span> <span class='ocrx_word' id='word_1_23' title='bbox 1165 352 1183 368; x_wconf 89' lang='lat'><em>,</em></span> <span class='ocrx_word' id='word_1_24' title='bbox 1207 324 1277 374; x_wconf 84' lang='lat' dir='ltr'>qui</span> <span class='ocrx_word' id='word_1_25' title='bbox 1302 339 1402 366; x_wconf 79' lang='lat' dir='ltr'>con·</span> 
     </span>
    </p>
   </div>
   <div class='ocr_carea' id='block_1_3' title="bbox 91 353 1402 452">
    <p class='ocr_par' dir='ltr' id='par_1_3' title="bbox 91 353 1402 452">
     <span class='ocr_line' id='line_1_4' title="bbox 92 353 1402 421; baseline 0.025 -33"><span class='ocrx_word' id='word_1_26' title='bbox 92 361 156 388; x_wconf 79' lang='lat' dir='ltr'>tra</span> <span class='ocrx_word' id='word_1_27' title='bbox 179 362 333 390; x_wconf 84' lang='lat' dir='ltr'>veteres</span> <span class='ocrx_word' id='word_1_28' title='bbox 352 353 439 392; x_wconf 90' lang='lat' dir='ltr'>vult</span> <span class='ocrx_word' id='word_1_29' title='bbox 463 367 556 396; x_wconf 87' lang='lat' dir='ltr'>cum</span> <span class='ocrx_word' id='word_1_30' title='bbox 582 360 754 415; x_wconf 83' lang='lat' dir='ltr'>vulgatis</span> <span class='ocrx_word' id='word_1_31' title='bbox 778 364 1005 419; x_wconf 80' lang='lat' dir='ltr'>Fascellina</span> <span class='ocrx_word' id='word_1_32' title='bbox 1019 385 1039 421; x_wconf 86' lang='lat'>,·</span> <span class='ocrx_word' id='word_1_33' title='bbox 1071 372 1140 415; x_wconf 82' lang='lat' dir='ltr'>sed</span> <span class='ocrx_word' id='word_1_34' title='bbox 1161 379 1199 416; x_wconf 66' lang='grc' dir='ltr'>ὃ(</span> <span class='ocrx_word' id='word_1_35' title='bbox 1216 378 1402 421; x_wconf 80' lang='lat' dir='ltr'>scribitur</span> 
     </span>
     <span class='ocr_line' id='line_1_5' title="bbox 91 403 627 452; baseline 0.019 -10"><span class='ocrx_word' id='word_1_36' title='bbox 91 403 196 442; x_wconf 70' lang='grc' dir='ltr'>ῐθᾶε</span> <span class='ocrx_word' id='word_1_37' title='bbox 224 404 375 444; x_wconf 69' lang='lat' dir='ltr'>Diana</span> <span class='ocrx_word' id='word_1_38' title='bbox 401 407 444 446; x_wconf 88' lang='lat' dir='ltr'>in</span> <span class='ocrx_word' id='word_1_39' title='bbox 473 423 508 450; x_wconf 88' lang='lat' dir='ltr'>c.</span> <span class='ocrx_word' id='word_1_40' title='bbox 531 413 627 452; x_wconf 90' lang='lat' dir='ltr'>Col.</span> 
     </span>
    </p>
   </div>
   <div class='ocr_carea' id='block_1_4' title="bbox 62 458 1401 2142">
    <p class='ocr_par' dir='ltr' id='par_1_4' title="bbox 86 458 1401 607">
     <span class='ocr_line' id='line_1_6' title="bbox 143 458 1401 530; baseline 0.027 -35"><span class='ocrx_word' id='word_1_41' title='bbox 143 464 237 497; x_wconf 87' lang='lat'>261.</span> <span class='ocrx_word' id='word_1_42' title='bbox 269 458 508 503; x_wconf 80' lang='lat' dir='ltr'><strong><em>Panormos.</em></strong></span> <span class='ocrx_word' id='word_1_43' title='bbox 547 467 596 505; x_wconf 90' lang='lat' dir='ltr'>C.</span> <span class='ocrx_word' id='word_1_44' title='bbox 631 465 715 508; x_wconf 82' lang='lat' dir='ltr'>Ox.</span> <span class='ocrx_word' id='word_1_45' title='bbox 749 469 1002 517; x_wconf 73' lang='lat' dir='ltr'><strong><em>Panhormos</em></strong></span> <span class='ocrx_word' id='word_1_46' title='bbox 1024 510 1039 528; x_wconf 92' lang='lat'><em>,</em></span> <span class='ocrx_word' id='word_1_47' title='bbox 1080 493 1124 521; x_wconf 90' lang='lat' dir='ltr'>ut</span> <span class='ocrx_word' id='word_1_48' title='bbox 1156 486 1401 530; x_wconf 65' lang='lat' dir='ltr'>numismata</span> 
     </span>
     <span class='ocr_line' id='line_1_7' title="bbox 87 510 1401 584; baseline 0.028 -36"><span class='ocrx_word' id='word_1_49' title='bbox 87 510 288 564; x_wconf 82' lang='lat' dir='ltr'>quaedam.</span> <span class='ocrx_word' id='word_1_50' title='bbox 335 514 380 554; x_wconf 83' lang='lat' dir='ltr'><em>H</em></span> <span class='ocrx_word' id='word_1_51' title='bbox 405 517 528 558; x_wconf 85' lang='lat' dir='ltr'>etiam</span> <span class='ocrx_word' id='word_1_52' title='bbox 557 524 736 563; x_wconf 84' lang='lat' dir='ltr'>occurrit</span> <span class='ocrx_word' id='word_1_53' title='bbox 760 524 804 566; x_wconf 85' lang='lat' dir='ltr'>in</span> <span class='ocrx_word' id='word_1_54' title='bbox 827 527 925 570; x_wconf 62' lang='lat' dir='ltr'>falsa</span> <span class='ocrx_word' id='word_1_55' title='bbox 954 532 1130 576; x_wconf 56' lang='lat' dir='ltr'>lenione</span> <span class='ocrx_word' id='word_1_56' title='bbox 1155 551 1189 579; x_wconf 89' lang='lat' dir='ltr'>c.</span> <span class='ocrx_word' id='word_1_57' title='bbox 1219 542 1272 582; x_wconf 88' lang='lat' dir='ltr'>T.</span> <span class='ocrx_word' id='word_1_58' title='bbox 1308 542 1401 584; x_wconf 82' lang='lat' dir='ltr'>Pa-</span> 
     </span>
     <span class='ocr_line' id='line_1_8' title="bbox 86 568 301 607; baseline 0.014 -3"><span class='ocrx_word' id='word_1_59' title='bbox 86 568 189 605; x_wconf 78' lang='lat' dir='ltr'>nhor</span> <span class='ocrx_word' id='word_1_60' title='bbox 217 571 301 607; x_wconf 80' lang='lat' dir='ltr'>lzos.</span> 
     </span>
    </p>

    <p class='ocr_par' dir='ltr' id='par_1_5' title="bbox 68 581 1401 742">
     <span class='ocr_line' id='line_1_9' title="bbox 68 581 1401 699; baseline 0.029 -44"><span class='ocrx_word' id='word_1_61' title='bbox 68 626 69 629; x_wconf 77' lang='grc'>’</span> <span class='ocrx_word' id='word_1_62' title='bbox 144 581 236 661; x_wconf 74' lang='lat' dir='ltr'><strong>26P2.</strong></span> <span class='ocrx_word' id='word_1_63' title='bbox 265 620 424 664; x_wconf 62' lang='lat' dir='ltr'>Sedere.</span> <span class='ocrx_word' id='word_1_64' title='bbox 452 627 500 666; x_wconf 89' lang='lat' dir='ltr'>C.</span> <span class='ocrx_word' id='word_1_65' title='bbox 526 628 620 669; x_wconf 88' lang='lat' dir='ltr'>Col.</span> <span class='ocrx_word' id='word_1_66' title='bbox 643 631 696 672; x_wconf 90' lang='lat' dir='ltr'>R.</span> <span class='ocrx_word' id='word_1_67' title='bbox 723 648 758 672; x_wconf 87' lang='lat'>2.</span> <span class='ocrx_word' id='word_1_68' title='bbox 791 633 1057 692; x_wconf 64' lang='lat' dir='ltr'>Malefeblare</span> <span class='ocrx_word' id='word_1_69' title='bbox 1081 642 1122 682; x_wconf 88' lang='lat' dir='ltr'>in</span> <span class='ocrx_word' id='word_1_70' title='bbox 1144 646 1401 699; x_wconf 78' lang='lat' dir='ltr'>quibusdam.</span> 
     </span>
     <span class='ocr_line' id='line_1_10' title="bbox 85 672 1131 742; baseline 0.024 -29"><span class='ocrx_word' id='word_1_71' title='bbox 85 672 192 714; x_wconf 87' lang='lat' dir='ltr'>Mox</span> <span class='ocrx_word' id='word_1_72' title='bbox 215 691 379 716; x_wconf 80' lang='lat' dir='ltr'>verrere.</span> <span class='ocrx_word' id='word_1_73' title='bbox 405 680 468 719; x_wconf 81' lang='lat' dir='ltr'>Sic</span> <span class='ocrx_word' id='word_1_74' title='bbox 493 683 624 732; x_wconf 83' lang='lat' dir='ltr'>plures</span> <span class='ocrx_word' id='word_1_75' title='bbox 648 687 834 742; x_wconf 87' lang='lat' dir='ltr'>antiqui,</span> <span class='ocrx_word' id='word_1_76' title='bbox 865 706 949 733; x_wconf 87' lang='lat' dir='ltr'>non</span> <span class='ocrx_word' id='word_1_77' title='bbox 973 708 1131 738; x_wconf 73' lang='lat' dir='ltr'>vertere.</span> 
     </span>
    </p>

    <p class='ocr_par' dir='ltr' id='par_1_6' title="bbox 88 730 1398 876">
     <span class='ocr_line' id='line_1_11' title="bbox 140 730 1398 805; baseline 0.028 -38"><span class='ocrx_word' id='word_1_78' title='bbox 140 736 234 769; x_wconf 82' lang='lat'><strong>266.</strong></span> <span class='ocrx_word' id='word_1_79' title='bbox 250 730 439 774; x_wconf 61' lang='lat' dir='ltr'>Menaeis.</span> <span class='ocrx_word' id='word_1_80' title='bbox 456 737 518 774; x_wconf 85' lang='lat' dir='ltr'>Sic</span> <span class='ocrx_word' id='word_1_81' title='bbox 535 738 692 790; x_wconf 82' lang='lat' dir='ltr'>scripti,</span> <span class='ocrx_word' id='word_1_82' title='bbox 715 741 767 782; x_wconf 88' lang='lat' dir='ltr'>R.</span> <span class='ocrx_word' id='word_1_83' title='bbox 798 759 830 784; x_wconf 87' lang='lat'>1.</span> <span class='ocrx_word' id='word_1_84' title='bbox 859 759 895 786; x_wconf 88' lang='lat'>2.</span> <span class='ocrx_word' id='word_1_85' title='bbox 922 750 1032 789; x_wconf 83' lang='lat' dir='ltr'>Male</span> <span class='ocrx_word' id='word_1_86' title='bbox 1050 751 1261 805; x_wconf 61' lang='lat' dir='ltr'>Nemetis,</span> <span class='ocrx_word' id='word_1_87' title='bbox 1293 759 1398 803; x_wconf 82' lang='lat' dir='ltr'>aliis.</span> 
     </span>
     <span class='ocr_line' id='line_1_12' title="bbox 88 784 1393 876; baseline 0.029 -57"><span class='ocrx_word' id='word_1_88' title='bbox 88 796 237 876; x_wconf 67' lang='lat' dir='ltr'><strong>T272.</strong></span> <span class='ocrx_word' id='word_1_89' title='bbox 276 784 429 827; x_wconf 80' lang='lat' dir='ltr'><em>Tabas.</em></span> <span class='ocrx_word' id='word_1_90' title='bbox 460 789 508 828; x_wconf 76' lang='lat' dir='ltr'>In</span> <span class='ocrx_word' id='word_1_91' title='bbox 533 791 672 834; x_wconf 81' lang='lat' dir='ltr'>Benes.</span> <span class='ocrx_word' id='word_1_92' title='bbox 709 795 888 841; x_wconf 68' lang='lat' dir='ltr'>Thabas.</span> <span class='ocrx_word' id='word_1_93' title='bbox 917 805 1021 844; x_wconf 82' lang='lat' dir='ltr'>Aliis</span> <span class='ocrx_word' id='word_1_94' title='bbox 1046 808 1193 849; x_wconf 86' lang='lat' dir='ltr'>vitiose</span> <span class='ocrx_word' id='word_1_95' title='bbox 1225 811 1393 866; x_wconf 76' lang='lat' dir='ltr'><em>Tabas,</em></span> 
     </span>
    </p>

    <p class='ocr_par' dir='ltr' id='par_1_7' title="bbox 136 839 267 878">
     <span class='ocr_line' id='line_1_13' title="bbox 136 839 267 878; baseline 0.031 -3"><span class='ocrx_word' id='word_1_96' title='bbox 136 839 267 878; x_wconf 67' lang='lat' dir='ltr'>helvas.</span> 
     </span>
    </p>

    <p class='ocr_par' dir='ltr' id='par_1_8' title="bbox 85 892 1399 1014">
     <span class='ocr_line' id='line_1_14' title="bbox 142 892 1399 979; baseline 0.029 -50"><span class='ocrx_word' id='word_1_97' title='bbox 142 906 234 941; x_wconf 85' lang='lat'>273.</span> <span class='ocrx_word' id='word_1_98' title='bbox 261 892 495 951; x_wconf 79' lang='lat' dir='ltr'>Nccmajor.</span> <span class='ocrx_word' id='word_1_99' title='bbox 529 898 623 940; x_wconf 67' lang='lat' dir='ltr'>Unai</span> <span class='ocrx_word' id='word_1_100' title='bbox 643 916 770 952; x_wconf 82' lang='lat' dir='ltr'>vocc;</span> <span class='ocrx_word' id='word_1_101' title='bbox 798 905 842 946; x_wconf 84' lang='lat' dir='ltr'>id</span> <span class='ocrx_word' id='word_1_102' title='bbox 864 909 943 957; x_wconf 86' lang='lat' dir='ltr'>est,</span> <span class='ocrx_word' id='word_1_103' title='bbox 973 916 1149 965; x_wconf 75' lang='lat' dir='ltr'>aequalis.</span> <span class='ocrx_word' id='word_1_104' title='bbox 1182 919 1291 962; x_wconf 83' lang='lat' dir='ltr'>Vide</span> <span class='ocrx_word' id='word_1_105' title='bbox 1307 937 1399 979; x_wconf 78' lang='lat' dir='ltr'>quae</span> 
     </span>
     <span class='ocr_line' id='line_1_15' title="bbox 85 944 1256 1014; baseline 0.028 -32"><span class='ocrx_word' id='word_1_106' title='bbox 85 944 227 997; x_wconf 88' lang='lat' dir='ltr'>supra,</span> <span class='ocrx_word' id='word_1_107' title='bbox 259 962 301 987; x_wconf 86' lang='lat' dir='ltr'>v.</span> <span class='ocrx_word' id='word_1_108' title='bbox 336 955 422 989; x_wconf 78' lang='lat'><strong>¹88.</strong></span> <span class='ocrx_word' id='word_1_109' title='bbox 451 951 502 990; x_wconf 82' lang='lat' dir='ltr'>de</span> <span class='ocrx_word' id='word_1_110' title='bbox 529 954 591 993; x_wconf 86' lang='lat' dir='ltr'>his</span> <span class='ocrx_word' id='word_1_111' title='bbox 615 958 859 1010; x_wconf 82' lang='lat' dir='ltr'>compositis.</span> <span class='ocrx_word' id='word_1_112' title='bbox 890 964 1165 1013; x_wconf 82' lang='lat' dir='ltr'>Hellenismus</span> <span class='ocrx_word' id='word_1_113' title='bbox 1191 975 1256 1014; x_wconf 87' lang='lat' dir='ltr'>est.</span> 
     </span>
    </p>

    <p class='ocr_par' dir='ltr' id='par_1_9' title="bbox 72 1001 1399 1108">
     <span class='ocr_line' id='line_1_16' title="bbox 139 1001 1399 1076; baseline 0.029 -39"><span class='ocrx_word' id='word_1_114' title='bbox 139 1001 200 1041; x_wconf 85' lang='lat' dir='ltr'>Ib.</span> <span class='ocrx_word' id='word_1_115' title='bbox 223 1001 357 1041; x_wconf 71' lang='lat' dir='ltr'>Mure.</span> <span class='ocrx_word' id='word_1_116' title='bbox 392 1005 456 1044; x_wconf 88' lang='lat' dir='ltr'>Sic</span> <span class='ocrx_word' id='word_1_117' title='bbox 485 1019 626 1049; x_wconf 85' lang='lat' dir='ltr'>omnes</span> <span class='ocrx_word' id='word_1_118' title='bbox 655 1015 695 1052; x_wconf 88' lang='lat'>&amp;</span> <span class='ocrx_word' id='word_1_119' title='bbox 721 1017 838 1056; x_wconf 58' lang='lat' dir='ltr'>redte.</span> <span class='ocrx_word' id='word_1_120' title='bbox 869 1018 981 1060; x_wconf 80' lang='lat' dir='ltr'>Hinc</span> <span class='ocrx_word' id='word_1_121' title='bbox 1002 1022 1187 1076; x_wconf 70' lang='lat' dir='ltr'>Matini,</span> <span class='ocrx_word' id='word_1_122' title='bbox 1212 1029 1399 1073; x_wconf 72' lang='lat' dir='ltr'>Matien-</span> 
     </span>
     <span class='ocr_line' id='line_1_17' title="bbox 72 1054 642 1108; baseline 0.023 -17"><span class='ocrx_word' id='word_1_123' title='bbox 72 1054 166 1108; x_wconf 80' lang='lat' dir='ltr'>ses,</span> <span class='ocrx_word' id='word_1_124' title='bbox 197 1055 240 1094; x_wconf 84' lang='lat' dir='ltr'>in</span> <span class='ocrx_word' id='word_1_125' title='bbox 267 1056 386 1095; x_wconf 83' lang='lat' dir='ltr'>variis</span> <span class='ocrx_word' id='word_1_126' title='bbox 403 1062 642 1103; x_wconf 62' lang='lat' dir='ltr'>austoribus.</span> 
     </span>
    </p>

    <p class='ocr_par' dir='ltr' id='par_1_10' title="bbox 85 1110 1396 1219">
     <span class='ocr_line' id='line_1_18' title="bbox 137 1110 1396 1195; baseline 0.028 -47"><span class='ocrx_word' id='word_1_127' title='bbox 137 1117 229 1150; x_wconf 75' lang='lat'><strong>281.</strong></span> <span class='ocrx_word' id='word_1_128' title='bbox 262 1110 428 1162; x_wconf 78' lang='lat' dir='ltr'><em>Hosti--</em></span> <span class='ocrx_word' id='word_1_129' title='bbox 445 1114 627 1158; x_wconf 85' lang='lat' dir='ltr'>intratos.</span> <span class='ocrx_word' id='word_1_130' title='bbox 656 1118 717 1159; x_wconf 91' lang='lat' dir='ltr'>Ut</span> <span class='ocrx_word' id='word_1_131' title='bbox 752 1120 861 1163; x_wconf 80' lang='lat' dir='ltr'>dixit</span> <span class='ocrx_word' id='word_1_132' title='bbox 901 1128 1031 1171; x_wconf 82' lang='lat' dir='ltr'>Ovid.</span> <span class='ocrx_word' id='word_1_133' title='bbox 1065 1147 1150 1174; x_wconf 89' lang='lat' dir='ltr'>non</span> <span class='ocrx_word' id='word_1_134' title='bbox 1187 1136 1396 1195; x_wconf 70' lang='lat' dir='ltr'>intelligor.⁴</span> 
     </span>
     <span class='ocr_line' id='line_1_19' title="bbox 85 1163 900 1219; baseline 0.023 -18"><span class='ocrx_word' id='word_1_135' title='bbox 85 1163 192 1211; x_wconf 87' lang='lat' dir='ltr'>ulli,</span> <span class='ocrx_word' id='word_1_136' title='bbox 225 1163 266 1203; x_wconf 88' lang='lat' dir='ltr'>in</span> <span class='ocrx_word' id='word_1_137' title='bbox 297 1167 420 1206; x_wconf 85' lang='lat' dir='ltr'>tertio</span> <span class='ocrx_word' id='word_1_138' title='bbox 450 1171 535 1210; x_wconf 86' lang='lat' dir='ltr'>casu</span> <span class='ocrx_word' id='word_1_139' title='bbox 554 1202 566 1218; x_wconf 92' lang='lat'>‚</span> <span class='ocrx_word' id='word_1_140' title='bbox 595 1186 680 1212; x_wconf 88' lang='lat' dir='ltr'>non</span> <span class='ocrx_word' id='word_1_141' title='bbox 704 1176 746 1213; x_wconf 88' lang='lat' dir='ltr'>in</span> <span class='ocrx_word' id='word_1_142' title='bbox 771 1178 900 1219; x_wconf 86' lang='lat' dir='ltr'>sexto.</span> 
     </span>
    </p>

    <p class='ocr_par' dir='ltr' id='par_1_11' title="bbox 80 1217 1395 1356">
     <span class='ocr_line' id='line_1_20' title="bbox 136 1217 1395 1292; baseline 0.029 -38"><span class='ocrx_word' id='word_1_143' title='bbox 136 1217 198 1256; x_wconf 86' lang='lat' dir='ltr'>Ib.</span> <span class='ocrx_word' id='word_1_144' title='bbox 226 1217 376 1261; x_wconf 73' lang='lat' dir='ltr'>Arces.</span> <span class='ocrx_word' id='word_1_145' title='bbox 410 1223 519 1264; x_wconf 87' lang='lat' dir='ltr'>Male</span> <span class='ocrx_word' id='word_1_146' title='bbox 543 1224 696 1267; x_wconf 90' lang='lat' dir='ltr'>dividit</span> <span class='ocrx_word' id='word_1_147' title='bbox 719 1229 802 1271; x_wconf 79' lang='lat' dir='ltr'>haec</span> <span class='ocrx_word' id='word_1_148' title='bbox 828 1234 960 1276; x_wconf 86' lang='lat' dir='ltr'>Drak.</span> <span class='ocrx_word' id='word_1_149' title='bbox 983 1240 1055 1292; x_wconf 88' lang='lat' dir='ltr'>qui</span> <span class='ocrx_word' id='word_1_150' title='bbox 1084 1255 1192 1284; x_wconf 86' lang='lat' dir='ltr'>certe</span> <span class='ocrx_word' id='word_1_151' title='bbox 1218 1260 1304 1288; x_wconf 83' lang='lat' dir='ltr'>non</span> <span class='ocrx_word' id='word_1_152' title='bbox 1332 1250 1395 1291; x_wconf 79' lang='lat' dir='ltr'>in-</span> 
     </span>
     <span class='ocr_line' id='line_1_21' title="bbox 80 1270 1366 1356; baseline 0.028 -47"><span class='ocrx_word' id='word_1_153' title='bbox 80 1270 256 1312; x_wconf 76' lang='lat' dir='ltr'>tellexit.</span> <span class='ocrx_word' id='word_1_154' title='bbox 289 1275 320 1313; x_wconf 90' lang='lat' dir='ltr'><strong>E</strong></span> <span class='ocrx_word' id='word_1_155' title='bbox 344 1288 541 1318; x_wconf 85' lang='lat' dir='ltr'>contextu</span> <span class='ocrx_word' id='word_1_156' title='bbox 568 1281 822 1337; x_wconf 82' lang='lat' dir='ltr'><strong>subintellige</strong></span> <span class='ocrx_word' id='word_1_157' title='bbox 844 1291 994 1342; x_wconf 81' lang='lat' dir='ltr'><em>refert,</em></span> <span class='ocrx_word' id='word_1_158' title='bbox 1027 1297 1092 1335; x_wconf 85' lang='lat' dir='ltr'>vel</span> <span class='ocrx_word' id='word_1_159' title='bbox 1118 1298 1231 1340; x_wconf 85' lang='lat' dir='ltr'>aliud</span> <span class='ocrx_word' id='word_1_160' title='bbox 1253 1304 1366 1356; x_wconf 87' lang='lat' dir='ltr'>quid.</span> 
     </span>
    </p>

    <p class='ocr_par' dir='ltr' id='par_1_12' title="bbox 77 1329 1394 1513">
     <span class='ocr_line' id='line_1_22' title="bbox 136 1329 1394 1407; baseline 0.029 -44"><span class='ocrx_word' id='word_1_161' title='bbox 136 1329 228 1365; x_wconf 86' lang='lat'><strong>286.</strong></span> <span class='ocrx_word' id='word_1_162' title='bbox 263 1329 462 1371; x_wconf 76' lang='lat' dir='ltr'><em>Athenas.</em></span> <span class='ocrx_word' id='word_1_163' title='bbox 496 1333 652 1375; x_wconf 84' lang='lat' dir='ltr'><strong>Confer</strong></span> <span class='ocrx_word' id='word_1_164' title='bbox 675 1337 823 1380; x_wconf 83' lang='lat' dir='ltr'>Jussin.</span> <span class='ocrx_word' id='word_1_165' title='bbox 848 1344 874 1381; x_wconf 87' lang='lat'>1.</span> <span class='ocrx_word' id='word_1_166' title='bbox 902 1345 959 1384; x_wconf 83' lang='lat'>11.</span> <span class='ocrx_word' id='word_1_167' title='bbox 989 1361 1022 1387; x_wconf 90' lang='lat' dir='ltr'>c.</span> <span class='ocrx_word' id='word_1_168' title='bbox 1056 1364 1118 1397; x_wconf 77' lang='grc' dir='ltr'>ις.</span> <span class='ocrx_word' id='word_1_169' title='bbox 1143 1353 1170 1392; x_wconf 84' lang='lat' dir='ltr'>l.</span> <span class='ocrx_word' id='word_1_170' title='bbox 1194 1357 1267 1396; x_wconf 81' lang='lat' dir='ltr'>IV.</span> <span class='ocrx_word' id='word_1_171' title='bbox 1296 1372 1328 1397; x_wconf 83' lang='lat' dir='ltr'>e.</span> <span class='ocrx_word' id='word_1_172' title='bbox 1355 1375 1394 1407; x_wconf 85' lang='grc' dir='ltr'>ς.</span> 
     </span>
     <span class='ocr_line' id='line_1_23' title="bbox 77 1376 1393 1467; baseline 0.028 -48"><span class='ocrx_word' id='word_1_173' title='bbox 77 1376 183 1419; x_wconf 84' lang='lat' dir='ltr'>Livi.</span> <span class='ocrx_word' id='word_1_174' title='bbox 209 1381 332 1422; x_wconf 89' lang='lat' dir='ltr'>XXV.</span> <span class='ocrx_word' id='word_1_175' title='bbox 365 1398 397 1422; x_wconf 89' lang='lat' dir='ltr'>c.</span> <span class='ocrx_word' id='word_1_176' title='bbox 435 1399 500 1436; x_wconf 90' lang='lat'>24.</span> <span class='ocrx_word' id='word_1_177' title='bbox 529 1389 826 1445; x_wconf 71' lang='lat' dir='ltr'><em>Atheniensium</em></span> <span class='ocrx_word' id='word_1_178' title='bbox 860 1397 1025 1453; x_wconf 75' lang='lat' dir='ltr'><em>claffis,</em></span> <span class='ocrx_word' id='word_1_179' title='bbox 1062 1408 1136 1446; x_wconf 69' lang='grc' dir='ltr'>δίε.</span> <span class='ocrx_word' id='word_1_180' title='bbox 1169 1408 1215 1448; x_wconf 89' lang='lat' dir='ltr'>C.</span> <span class='ocrx_word' id='word_1_181' title='bbox 1247 1412 1393 1467; x_wconf 87' lang='lat' dir='ltr'>Nepo-</span> 
     </span>
     <span class='ocr_line' id='line_1_24' title="bbox 78 1436 1255 1513; baseline 0.028 -42"><span class='ocrx_word' id='word_1_182' title='bbox 78 1445 189 1480; x_wconf 85' lang='lat' dir='ltr'>tem,</span> <span class='ocrx_word' id='word_1_183' title='bbox 223 1436 264 1474; x_wconf 86' lang='lat' dir='ltr'>in</span> <span class='ocrx_word' id='word_1_184' title='bbox 296 1438 515 1490; x_wconf 79' lang='lat' dir='ltr'>Miltiade,</span> <span class='ocrx_word' id='word_1_185' title='bbox 545 1458 578 1483; x_wconf 89' lang='lat' dir='ltr'>c.</span> <span class='ocrx_word' id='word_1_186' title='bbox 611 1460 642 1495; x_wconf 79' lang='grc' dir='ltr'>ς.</span> <span class='ocrx_word' id='word_1_187' title='bbox 677 1448 718 1485; x_wconf 85' lang='lat' dir='ltr'>in</span> <span class='ocrx_word' id='word_1_188' title='bbox 746 1450 1045 1505; x_wconf 87' lang='lat' dir='ltr'>Themistocle,</span> <span class='ocrx_word' id='word_1_189' title='bbox 1078 1473 1111 1499; x_wconf 87' lang='lat' dir='ltr'>c.</span> <span class='ocrx_word' id='word_1_190' title='bbox 1142 1475 1191 1509; x_wconf 88' lang='lat'>2,</span> <span class='ocrx_word' id='word_1_191' title='bbox 1215 1481 1255 1513; x_wconf 88' lang='lat'>4.</span> 
     </span>
    </p>

    <p class='ocr_par' dir='ltr' id='par_1_13' title="bbox 75 1489 1392 1621">
     <span class='ocr_line' id='line_1_25' title="bbox 135 1489 1392 1567; baseline 0.033 -44"><span class='ocrx_word' id='word_1_192' title='bbox 135 1497 226 1538; x_wconf 80' lang='lat'><strong>289.</strong></span> <span class='ocrx_word' id='word_1_193' title='bbox 268 1489 515 1543; x_wconf 80' lang='lat' dir='ltr'><em>Eduxerat,</em></span> <span class='ocrx_word' id='word_1_194' title='bbox 550 1498 595 1538; x_wconf 89' lang='lat' dir='ltr'>id</span> <span class='ocrx_word' id='word_1_195' title='bbox 632 1501 687 1539; x_wconf 91' lang='lat' dir='ltr'>est</span> <span class='ocrx_word' id='word_1_196' title='bbox 709 1533 719 1549; x_wconf 93' lang='lat'>,</span> <span class='ocrx_word' id='word_1_197' title='bbox 758 1504 794 1543; x_wconf 62' lang='grc' dir='ltr'>ἃ</span> <span class='ocrx_word' id='word_1_198' title='bbox 819 1521 1005 1559; x_wconf 77' lang='lat' dir='ltr'><em>genuerat</em></span> <span class='ocrx_word' id='word_1_199' title='bbox 1025 1543 1041 1560; x_wconf 88' lang='lat'><em>,</em></span> <span class='ocrx_word' id='word_1_200' title='bbox 1070 1517 1111 1554; x_wconf 90' lang='lat'>&amp;</span> <span class='ocrx_word' id='word_1_201' title='bbox 1140 1522 1392 1567; x_wconf 73' lang='lat' dir='ltr'>educaverat.</span> 
     </span>
     <span class='ocr_line' id='line_1_26' title="bbox 75 1541 1249 1621; baseline 0.028 -41"><span class='ocrx_word' id='word_1_202' title='bbox 75 1541 184 1592; x_wconf 72' lang='lat' dir='ltr'>Vide</span> <span class='ocrx_word' id='word_1_203' title='bbox 209 1543 312 1583; x_wconf 85' lang='lat' dir='ltr'>Livi.</span> <span class='ocrx_word' id='word_1_204' title='bbox 340 1547 486 1588; x_wconf 90' lang='lat' dir='ltr'><strong>XXIV.</strong></span> <span class='ocrx_word' id='word_1_205' title='bbox 513 1564 545 1590; x_wconf 89' lang='lat' dir='ltr'>c.</span> <span class='ocrx_word' id='word_1_206' title='bbox 571 1560 607 1591; x_wconf 89' lang='lat'>6.</span> <span class='ocrx_word' id='word_1_207' title='bbox 639 1553 690 1594; x_wconf 90' lang='lat' dir='ltr'>de</span> <span class='ocrx_word' id='word_1_208' title='bbox 719 1558 896 1611; x_wconf 81' lang='lat' dir='ltr'>Epicyde</span> <span class='ocrx_word' id='word_1_209' title='bbox 922 1567 962 1603; x_wconf 61' lang='grc' dir='ltr'>ὃς</span> <span class='ocrx_word' id='word_1_210' title='bbox 986 1566 1249 1621; x_wconf 80' lang='lat' dir='ltr'>Hippocrate.</span> 
     </span>
    </p>

    <p class='ocr_par' dir='ltr' id='par_1_14' title="bbox 62 1598 1390 1979">
     <span class='ocr_line' id='line_1_27' title="bbox 131 1598 1390 1685; baseline 0.031 -51"><span class='ocrx_word' id='word_1_211' title='bbox 131 1605 226 1643; x_wconf 85' lang='lat'><strong>296.</strong></span> <span class='ocrx_word' id='word_1_212' title='bbox 258 1598 375 1654; x_wconf 63' lang='lat' dir='ltr'>Qum.</span> <span class='ocrx_word' id='word_1_213' title='bbox 418 1603 492 1642; x_wconf 87' lang='lat' dir='ltr'>Nil</span> <span class='ocrx_word' id='word_1_214' title='bbox 528 1607 735 1650; x_wconf 82' lang='lat' dir='ltr'>intellexit</span> <span class='ocrx_word' id='word_1_215' title='bbox 768 1614 833 1653; x_wconf 76' lang='lat' dir='ltr'>hic</span> <span class='ocrx_word' id='word_1_216' title='bbox 863 1617 991 1658; x_wconf 82' lang='lat' dir='ltr'><strong>Drak.</strong></span> <span class='ocrx_word' id='word_1_217' title='bbox 1029 1634 1187 1665; x_wconf 81' lang='lat' dir='ltr'>errante</span> <span class='ocrx_word' id='word_1_218' title='bbox 1223 1643 1390 1685; x_wconf 87' lang='lat' dir='ltr'>quoque</span> 
     </span>
     <span class='ocr_line' id='line_1_28' title="bbox 73 1648 1388 1736; baseline 0.031 -49"><span class='ocrx_word' id='word_1_219' title='bbox 73 1648 272 1703; x_wconf 78' lang='lat' dir='ltr'>Heynlio.</span> <span class='ocrx_word' id='word_1_220' title='bbox 304 1654 450 1695; x_wconf 82' lang='lat' dir='ltr'>Vitiosi</span> <span class='ocrx_word' id='word_1_221' title='bbox 472 1661 630 1715; x_wconf 87' lang='lat' dir='ltr'>antiqui</span> <span class='ocrx_word' id='word_1_222' title='bbox 656 1664 695 1702; x_wconf 89' lang='lat' dir='ltr'>in</span> <span class='ocrx_word' id='word_1_223' title='bbox 723 1669 866 1719; x_wconf 70' lang='lat' dir='ltr'>quibus</span> <span class='ocrx_word' id='word_1_224' title='bbox 882 1673 1001 1722; x_wconf 77' lang='lat' dir='ltr'>quia,</span> <span class='ocrx_word' id='word_1_225' title='bbox 1026 1678 1120 1727; x_wconf 83' lang='lat' dir='ltr'>qui,</span> <span class='ocrx_word' id='word_1_226' title='bbox 1142 1681 1256 1732; x_wconf 78' lang='lat' dir='ltr'>quz&#39;s,·</span> <span class='ocrx_word' id='word_1_227' title='bbox 1274 1686 1337 1736; x_wconf 79' lang='lat' dir='ltr'>qui</span> <span class='ocrx_word' id='word_1_228' title='bbox 1359 1703 1388 1728; x_wconf 71' lang='lat' dir='ltr'><em>a</em></span> 
     </span>
     <span class='ocr_line' id='line_1_29' title="bbox 62 1706 1387 1792; baseline 0.035 -57"><span class='ocrx_word' id='word_1_229' title='bbox 62 1706 232 1759; x_wconf 56' lang='lat' dir='ltr'>fluente,</span> <span class='ocrx_word' id='word_1_230' title='bbox 250 1722 317 1758; x_wconf 85' lang='lat' dir='ltr'>que</span> <span class='ocrx_word' id='word_1_231' title='bbox 334 1723 359 1748; x_wconf 88' lang='lat' dir='ltr'><em>a</em></span> <span class='ocrx_word' id='word_1_232' title='bbox 374 1710 543 1761; x_wconf 83' lang='lat' dir='ltr'>sponte,</span> <span class='ocrx_word' id='word_1_233' title='bbox 562 1729 584 1754; x_wconf 86' lang='lat' dir='ltr'>a</span> <span class='ocrx_word' id='word_1_234' title='bbox 603 1717 806 1761; x_wconf 77' lang='lat' dir='ltr'>Librariis.</span> <span class='ocrx_word' id='word_1_235' title='bbox 836 1724 923 1778; x_wconf 75' lang='grc' dir='ltr'>ραι·</span> <span class='ocrx_word' id='word_1_236' title='bbox 939 1727 1024 1768; x_wconf 90' lang='lat' dir='ltr'>fere</span> <span class='ocrx_word' id='word_1_237' title='bbox 1045 1732 1199 1786; x_wconf 84' lang='lat' dir='ltr'>semper</span> <span class='ocrx_word' id='word_1_238' title='bbox 1209 1752 1284 1789; x_wconf 84' lang='lat' dir='ltr'>pro</span> <span class='ocrx_word' id='word_1_239' title='bbox 1302 1754 1387 1792; x_wconf 79' lang='lat' dir='ltr'>quae</span> 
     </span>
     <span class='ocr_line' id='line_1_30' title="bbox 69 1760 1385 1838; baseline 0.031 -42"><span class='ocrx_word' id='word_1_240' title='bbox 69 1760 115 1800; x_wconf 87' lang='lat' dir='ltr'>in</span> <span class='ocrx_word' id='word_1_241' title='bbox 130 1762 282 1814; x_wconf 82' lang='lat' dir='ltr'>scriptis</span> <span class='ocrx_word' id='word_1_242' title='bbox 299 1763 443 1804; x_wconf 62' lang='lat' dir='ltr'>omissa</span> <span class='ocrx_word' id='word_1_243' title='bbox 455 1766 724 1824; x_wconf 84' lang='lat' dir='ltr'>diphthongo.</span> <span class='ocrx_word' id='word_1_244' title='bbox 742 1776 804 1815; x_wconf 86' lang='lat' dir='ltr'>Sic</span> <span class='ocrx_word' id='word_1_245' title='bbox 817 1791 993 1821; x_wconf 83' lang='lat' dir='ltr'>erratum</span> <span class='ocrx_word' id='word_1_246' title='bbox 1015 1783 1040 1823; x_wconf 87' lang='lat' dir='ltr'>I.</span> <span class='ocrx_word' id='word_1_247' title='bbox 1059 1786 1130 1826; x_wconf 79' lang='lat' dir='ltr'>XI.</span> <span class='ocrx_word' id='word_1_248' title='bbox 1151 1797 1212 1835; x_wconf 81' lang='lat'>56.</span> <span class='ocrx_word' id='word_1_249' title='bbox 1241 1795 1385 1838; x_wconf 71' lang='lat' dir='ltr'>Sensus</span> 
     </span>
     <span class='ocr_line' id='line_1_31' title="bbox 67 1814 1382 1893; baseline 0.032 -43"><span class='ocrx_word' id='word_1_250' title='bbox 67 1814 124 1854; x_wconf 85' lang='lat' dir='ltr'>est</span> <span class='ocrx_word' id='word_1_251' title='bbox 144 1844 157 1863; x_wconf 87' lang='lat'>,</span> <span class='ocrx_word' id='word_1_252' title='bbox 187 1816 306 1855; x_wconf 85' lang='lat' dir='ltr'>hostis</span> <span class='ocrx_word' id='word_1_253' title='bbox 335 1816 472 1859; x_wconf 87' lang='lat' dir='ltr'>induit</span> <span class='ocrx_word' id='word_1_254' title='bbox 496 1822 695 1865; x_wconf 85' lang='lat' dir='ltr'>Marcello</span> <span class='ocrx_word' id='word_1_255' title='bbox 722 1842 830 1869; x_wconf 70' lang='lat' dir='ltr'>arma</span> <span class='ocrx_word' id='word_1_256' title='bbox 863 1848 951 1885; x_wconf 82' lang='lat' dir='ltr'>quae</span> <span class='ocrx_word' id='word_1_257' title='bbox 978 1837 1059 1889; x_wconf 85' lang='lat' dir='ltr'>ipse</span> <span class='ocrx_word' id='word_1_258' title='bbox 1075 1842 1293 1887; x_wconf 83' lang='lat' dir='ltr'>Marcellus</span> <span class='ocrx_word' id='word_1_259' title='bbox 1309 1849 1382 1893; x_wconf 88' lang='lat' dir='ltr'>diu</span> 
     </span>
     <span class='ocr_line' id='line_1_32' title="bbox 66 1869 1380 1955; baseline 0.03 -50"><span class='ocrx_word' id='word_1_260' title='bbox 66 1869 212 1921; x_wconf 79' lang='lat' dir='ltr'>sponte</span> <span class='ocrx_word' id='word_1_261' title='bbox 248 1869 402 1920; x_wconf 75' lang='lat' dir='ltr'>distulit</span> <span class='ocrx_word' id='word_1_262' title='bbox 429 1874 634 1917; x_wconf 82' lang='lat' dir='ltr'>sumfiffe:</span> <span class='ocrx_word' id='word_1_263' title='bbox 667 1893 786 1935; x_wconf 84' lang='lat' dir='ltr'>atque</span> <span class='ocrx_word' id='word_1_264' title='bbox 815 1885 858 1925; x_wconf 88' lang='lat' dir='ltr'>id</span> <span class='ocrx_word' id='word_1_265' title='bbox 891 1889 946 1928; x_wconf 84' lang='lat' dir='ltr'>sat</span> <span class='ocrx_word' id='word_1_266' title='bbox 969 1889 1162 1945; x_wconf 80' lang='lat' dir='ltr'>fignificat</span> <span class='ocrx_word' id='word_1_267' title='bbox 1186 1900 1380 1955; x_wconf 76' lang='lat' dir='ltr'>invitum,</span> 
     </span>
     <span class='ocr_line' id='line_1_33' title="bbox 66 1923 654 1979; baseline 0.014 -17"><span class='ocrx_word' id='word_1_268' title='bbox 66 1923 182 1979; x_wconf 82' lang='lat' dir='ltr'>quod</span> <span class='ocrx_word' id='word_1_269' title='bbox 200 1937 222 1964; x_wconf 91' lang='lat' dir='ltr'>e</span> <span class='ocrx_word' id='word_1_270' title='bbox 247 1925 425 1977; x_wconf 81' lang='lat' dir='ltr'>Virgilio</span> <span class='ocrx_word' id='word_1_271' title='bbox 444 1928 540 1969; x_wconf 89' lang='lat' dir='ltr'><strong>XII.</strong></span> <span class='ocrx_word' id='word_1_272' title='bbox 565 1939 654 1977; x_wconf 82' lang='lat'>581.</span> 
     </span>
    </p>

    <p class='ocr_par' dir='ltr' id='par_1_15' title="bbox 63 1977 1382 2087">
     <span class='ocr_line' id='line_1_34' title="bbox 124 1977 1382 2058; baseline 0.027 -42"><span class='ocrx_word' id='word_1_273' title='bbox 124 1992 212 2023; x_wconf 84' lang='lat'><strong>300.</strong></span> <span class='ocrx_word' id='word_1_274' title='bbox 241 1977 399 2019; x_wconf 79' lang='lat' dir='ltr'>Turris.</span> <span class='ocrx_word' id='word_1_275' title='bbox 427 1980 582 2024; x_wconf 84' lang='lat' dir='ltr'>Imitat.</span> <span class='ocrx_word' id='word_1_276' title='bbox 606 1987 751 2042; x_wconf 86' lang='lat' dir='ltr'>Virgil.</span> <span class='ocrx_word' id='word_1_277' title='bbox 773 1993 845 2033; x_wconf 83' lang='lat' dir='ltr'>IX.</span> <span class='ocrx_word' id='word_1_278' title='bbox 871 2009 890 2042; x_wconf 88' lang='lat'><em>5</em></span> <span class='ocrx_word' id='word_1_279' title='bbox 900 2010 995 2042; x_wconf 83' lang='lat'>30=</span> <span class='ocrx_word' id='word_1_280' title='bbox 1017 2014 1103 2053; x_wconf 84' lang='lat'>542.</span> <span class='ocrx_word' id='word_1_281' title='bbox 1129 2006 1382 2058; x_wconf 63' lang='lat' dir='ltr'>Confersn.</span> 
     </span>
     <span class='ocr_line' id='line_1_35' title="bbox 63 2030 1377 2087; baseline 0.021 -14"><span class='ocrx_word' id='word_1_282' title='bbox 63 2030 172 2073; x_wconf 75' lang='lat' dir='ltr'>3nfra</span> <span class='ocrx_word' id='word_1_283' title='bbox 192 2047 232 2072; x_wconf 83' lang='lat' dir='ltr'>v.</span> <span class='ocrx_word' id='word_1_284' title='bbox 250 2047 345 2084; x_wconf 90' lang='lat'>417.</span> <span class='ocrx_word' id='word_1_285' title='bbox 362 2036 442 2087; x_wconf 86' lang='lat' dir='ltr'>seq.</span> <span class='ocrx_word' id='word_1_286' title='bbox 1361 2063 1377 2072; x_wconf 66' lang='lat'>⁸</span> 
     </span>
    </p>

    <p class='ocr_par' dir='ltr' id='par_1_16' title="bbox 122 2087 841 2142">
     <span class='ocr_line' id='line_1_36' title="bbox 122 2087 841 2142; baseline 0.024 -17"><span class='ocrx_word' id='word_1_287' title='bbox 122 2099 214 2134; x_wconf 82' lang='lat'><strong>302.</strong></span> <span class='ocrx_word' id='word_1_288' title='bbox 256 2087 463 2139; x_wconf 74' lang='lat' dir='ltr'><em>Umbras,</em></span> <span class='ocrx_word' id='word_1_289' title='bbox 487 2090 532 2131; x_wconf 83' lang='lat' dir='ltr'>id</span> <span class='ocrx_word' id='word_1_290' title='bbox 558 2093 613 2132; x_wconf 85' lang='lat' dir='ltr'>est</span> <span class='ocrx_word' id='word_1_291' title='bbox 629 2125 639 2142; x_wconf 90' lang='lat'>,</span> <span class='ocrx_word' id='word_1_292' title='bbox 669 2100 841 2141; x_wconf 79' lang='lat' dir='ltr'>arbores.</span> 
     </span>
    </p>
   </div>
   <div class='ocr_carea' id='block_1_5' title="bbox 62 2140 1375 2252">
    <p class='ocr_par' dir='ltr' id='par_1_17' title="bbox 62 2140 1375 2252">
     <span class='ocr_line' id='line_1_37' title="bbox 120 2140 1375 2218; baseline 0.032 -41"><span class='ocrx_word' id='word_1_293' title='bbox 120 2154 209 2192; x_wconf 90' lang='lat'><em>307.</em></span> <span class='ocrx_word' id='word_1_294' title='bbox 243 2140 439 2197; x_wconf 80' lang='lat' dir='ltr'>Adjutus.</span> <span class='ocrx_word' id='word_1_295' title='bbox 477 2147 677 2191; x_wconf 85' lang='lat' dir='ltr'>Soloecam</span> <span class='ocrx_word' id='word_1_296' title='bbox 715 2157 948 2201; x_wconf 85' lang='lat' dir='ltr'>orationem</span> <span class='ocrx_word' id='word_1_297' title='bbox 981 2175 1118 2207; x_wconf 87' lang='lat' dir='ltr'>tuetur</span> <span class='ocrx_word' id='word_1_298' title='bbox 1151 2166 1216 2210; x_wconf 75' lang='lat' dir='ltr'>hic</span> <span class='ocrx_word' id='word_1_299' title='bbox 1240 2172 1375 2218; x_wconf 69' lang='lat' dir='ltr'>Drak-</span> 
     </span>
     <span class='ocr_line' id='line_1_38' title="bbox 62 2195 432 2252; baseline 0.014 -19"><span class='ocrx_word' id='word_1_300' title='bbox 62 2195 135 2250; x_wconf 82' lang='lat' dir='ltr'>qui</span> <span class='ocrx_word' id='word_1_301' title='bbox 168 2196 256 2236; x_wconf 88' lang='lat' dir='ltr'>vult</span> <span class='ocrx_word' id='word_1_302' title='bbox 279 2197 432 2252; x_wconf 81' lang='lat' dir='ltr'>adjuto.</span> 
     </span>
    </p>
   </div>
   <div class='ocr_carea' id='block_1_6' title="bbox 58 2250 1374 2357">
    <p class='ocr_par' dir='ltr' id='par_1_18' title="bbox 58 2250 1374 2357">
     <span class='ocr_line' id='line_1_39' title="bbox 119 2250 1374 2327; baseline 0.031 -40"><span class='ocrx_word' id='word_1_303' title='bbox 119 2264 210 2297; x_wconf 86' lang='lat'><strong>309.</strong></span> <span class='ocrx_word' id='word_1_304' title='bbox 244 2250 398 2294; x_wconf 80' lang='lat' dir='ltr'>Toties.</span> <span class='ocrx_word' id='word_1_305' title='bbox 425 2255 474 2294; x_wconf 83' lang='lat' dir='ltr'>C.</span> <span class='ocrx_word' id='word_1_306' title='bbox 493 2255 588 2296; x_wconf 76' lang='lat' dir='ltr'>Col·</span> <span class='ocrx_word' id='word_1_307' title='bbox 603 2258 655 2300; x_wconf 77' lang='lat' dir='ltr'>R.</span> <span class='ocrx_word' id='word_1_308' title='bbox 674 2273 711 2300; x_wconf 83' lang='lat'>2.</span> <span class='ocrx_word' id='word_1_309' title='bbox 727 2261 827 2305; x_wconf 86' lang='lat' dir='ltr'>Ben.</span> <span class='ocrx_word' id='word_1_310' title='bbox 859 2266 920 2309; x_wconf 81' lang='grc' dir='ltr'>Π).</span> <span class='ocrx_word' id='word_1_311' title='bbox 947 2270 1180 2326; x_wconf 70' lang='lat' dir='ltr'>Crescentia.</span> <span class='ocrx_word' id='word_1_312' title='bbox 1205 2281 1256 2322; x_wconf 85' lang='lat' dir='ltr'>C.</span> <span class='ocrx_word' id='word_1_313' title='bbox 1273 2281 1374 2327; x_wconf 76' lang='lat' dir='ltr'>Col·</span> 
     </span>
     <span class='ocr_line' id='line_1_40' title="bbox 58 2302 416 2357; baseline 0.02 -16"><span class='ocrx_word' id='word_1_314' title='bbox 58 2302 171 2345; x_wconf 78' lang='lat' dir='ltr'>&#39;Aliis</span> <span class='ocrx_word' id='word_1_315' title='bbox 203 2307 416 2357; x_wconf 77' lang='lat' dir='ltr'>nascentia.</span> 
     </span>
    </p>
   </div>
   <div class='ocr_carea' id='block_1_7' title="bbox 58 2360 1373 2479">
    <p class='ocr_par' dir='ltr' id='par_1_19' title="bbox 58 2360 1373 2479">
     <span class='ocr_line' id='line_1_41' title="bbox 119 2360 1373 2440; baseline 0.032 -44"><span class='ocrx_word' id='word_1_316' title='bbox 119 2372 207 2404; x_wconf 84' lang='lat'>310.</span> <span class='ocrx_word' id='word_1_317' title='bbox 228 2360 414 2411; x_wconf 51' lang='grc' dir='ltr'>Καρία...</span> <span class='ocrx_word' id='word_1_318' title='bbox 439 2361 489 2401; x_wconf 82' lang='lat' dir='ltr'>1n</span> <span class='ocrx_word' id='word_1_319' title='bbox 516 2376 550 2404; x_wconf 80' lang='lat' dir='ltr'>c.</span> <span class='ocrx_word' id='word_1_320' title='bbox 576 2365 622 2405; x_wconf 85' lang='lat' dir='ltr'>P.</span> <span class='ocrx_word' id='word_1_321' title='bbox 647 2369 698 2410; x_wconf 80' lang='lat' dir='ltr'>R.</span> <span class='ocrx_word' id='word_1_322' title='bbox 731 2383 767 2409; x_wconf 82' lang='lat'>2.</span> <span class='ocrx_word' id='word_1_323' title='bbox 793 2375 971 2426; x_wconf 78' lang='lat' dir='ltr'>rapidus.</span> <span class='ocrx_word' id='word_1_324' title='bbox 987 2379 1093 2433; x_wconf 51' lang='grc' dir='ltr'>Πρω.</span> <span class='ocrx_word' id='word_1_325' title='bbox 1109 2374 1373 2440; x_wconf 72' lang='lat' dir='ltr'>crepitantia.</span> 
     </span>
     <span class='ocr_line' id='line_1_42' title="bbox 58 2408 1062 2479; baseline 0.031 -32"><span class='ocrx_word' id='word_1_326' title='bbox 58 2408 112 2452; x_wconf 79' lang='lat' dir='ltr'>In</span> <span class='ocrx_word' id='word_1_327' title='bbox 136 2414 189 2455; x_wconf 83' lang='lat' dir='ltr'>R.</span> <span class='ocrx_word' id='word_1_328' title='bbox 221 2427 257 2454; x_wconf 87' lang='lat'>2.</span> <span class='ocrx_word' id='word_1_329' title='bbox 287 2416 527 2467; x_wconf 83' lang='lat' dir='ltr'>trepidantia</span> <span class='ocrx_word' id='word_1_330' title='bbox 558 2434 572 2457; x_wconf 86' lang='lat'>.·</span> <span class='ocrx_word' id='word_1_331' title='bbox 603 2421 696 2463; x_wconf 89' lang='lat' dir='ltr'>hinc</span> <span class='ocrx_word' id='word_1_332' title='bbox 719 2424 776 2465; x_wconf 85' lang='lat' dir='ltr'>ita</span> <span class='ocrx_word' id='word_1_333' title='bbox 800 2435 1062 2479; x_wconf 84' lang='lat' dir='ltr'>recentiores.</span> 
     </span>
    </p>
   </div>
   <div class='ocr_carea' id='block_1_8' title="bbox 52 2468 1375 2705">
    <p class='ocr_par' dir='ltr' id='par_1_20' title="bbox 117 2468 1019 2536">
     <span class='ocr_line' id='line_1_43' title="bbox 117 2468 1019 2536; baseline 0.028 -31"><span class='ocrx_word' id='word_1_334' title='bbox 117 2473 209 2517; x_wconf 83' lang='lat'>316.</span> <span class='ocrx_word' id='word_1_335' title='bbox 241 2468 422 2522; x_wconf 77' lang='lat' dir='ltr'>Miseris.</span> <span class='ocrx_word' id='word_1_336' title='bbox 453 2471 559 2513; x_wconf 84' lang='lat' dir='ltr'>Vide</span> <span class='ocrx_word' id='word_1_337' title='bbox 582 2476 686 2517; x_wconf 84' lang='lat' dir='ltr'>Livi.</span> <span class='ocrx_word' id='word_1_338' title='bbox 716 2480 862 2524; x_wconf 89' lang='lat' dir='ltr'><strong>XXIV.</strong></span> <span class='ocrx_word' id='word_1_339' title='bbox 893 2501 927 2528; x_wconf 90' lang='lat' dir='ltr'>c.</span> <span class='ocrx_word' id='word_1_340' title='bbox 957 2504 1019 2536; x_wconf 82' lang='lat'>33.</span> 
     </span>
    </p>

    <p class='ocr_par' dir='ltr' id='par_1_21' title="bbox 52 2521 1375 2705">
     <span class='ocr_line' id='line_1_44' title="bbox 121 2521 1369 2605; baseline 0.03 -47"><span class='ocrx_word' id='word_1_341' title='bbox 121 2533 210 2566; x_wconf 84' lang='lat'><strong>320.</strong></span> <span class='ocrx_word' id='word_1_342' title='bbox 246 2521 382 2565; x_wconf 78' lang='lat' dir='ltr'><em>Trabs</em></span> <span class='ocrx_word' id='word_1_343' title='bbox 411 2529 555 2576; x_wconf 80' lang='lat' dir='ltr'><em>trabe,</em></span> <span class='ocrx_word' id='word_1_344' title='bbox 589 2533 663 2571; x_wconf 84' lang='lat' dir='ltr'>&amp;c.</span> <span class='ocrx_word' id='word_1_345' title='bbox 705 2535 862 2589; x_wconf 84' lang='lat' dir='ltr'>Sequor</span> <span class='ocrx_word' id='word_1_346' title='bbox 898 2556 932 2582; x_wconf 89' lang='lat' dir='ltr'>c.</span> <span class='ocrx_word' id='word_1_347' title='bbox 967 2545 1011 2584; x_wconf 89' lang='lat' dir='ltr'>P.</span> <span class='ocrx_word' id='word_1_348' title='bbox 1048 2545 1100 2588; x_wconf 90' lang='lat' dir='ltr'>de</span> <span class='ocrx_word' id='word_1_349' title='bbox 1139 2549 1369 2605; x_wconf 66' lang='lat' dir='ltr'>tollenone,</span> 
     </span>
     <span class='ocr_line' id='line_1_45' title="bbox 59 2574 1373 2652; baseline 0.031 -41"><span class='ocrx_word' id='word_1_350' title='bbox 59 2574 203 2628; x_wconf 72' lang='lat' dir='ltr'>gallice</span> <span class='ocrx_word' id='word_1_351' title='bbox 228 2579 397 2631; x_wconf 63' lang='lat' dir='ltr'>basi-ule.</span> <span class='ocrx_word' id='word_1_352' title='bbox 417 2582 698 2635; x_wconf 83' lang='lat' dir='ltr'>Requiruntur</span> <span class='ocrx_word' id='word_1_353' title='bbox 720 2603 829 2632; x_wconf 87' lang='lat' dir='ltr'>certe</span> <span class='ocrx_word' id='word_1_354' title='bbox 850 2593 938 2637; x_wconf 80' lang='lat' dir='ltr'>duae</span> <span class='ocrx_word' id='word_1_355' title='bbox 962 2601 1104 2642; x_wconf 80' lang='lat' dir='ltr'>trabes.</span> <span class='ocrx_word' id='word_1_356' title='bbox 1127 2604 1236 2646; x_wconf 85' lang='lat' dir='ltr'>Aliis</span> <span class='ocrx_word' id='word_1_357' title='bbox 1259 2614 1373 2652; x_wconf 77' lang='lat' dir='ltr'><em>trabe</em></span> 
     </span>
     <span class='ocr_line' id='line_1_46' title="bbox 52 2627 1375 2705; baseline 0.031 -39"><span class='ocrx_word' id='word_1_358' title='bbox 52 2627 174 2691; x_wconf 58' lang='lat' dir='ltr'>fifbre</span> <span class='ocrx_word' id='word_1_359' title='bbox 200 2641 298 2673; x_wconf 81' lang='lat' dir='ltr'>teres</span> <span class='ocrx_word' id='word_1_360' title='bbox 326 2632 439 2688; x_wconf 55' lang='lat' dir='ltr'><em>a‘tque</em></span> <span class='ocrx_word' id='word_1_361' title='bbox 467 2638 595 2689; x_wconf 81' lang='lat' dir='ltr'>erasis.</span> <span class='ocrx_word' id='word_1_362' title='bbox 626 2642 720 2682; x_wconf 84' lang='lat' dir='ltr'>Vox</span> <span class='ocrx_word' id='word_1_363' title='bbox 743 2657 855 2697; x_wconf 79' lang='lat' dir='ltr'><em>atque</em></span> <span class='ocrx_word' id='word_1_364' title='bbox 875 2650 1011 2705; x_wconf 85' lang='lat' dir='ltr'>inepte</span> <span class='ocrx_word' id='word_1_365' title='bbox 1039 2671 1060 2697; x_wconf 83' lang='lat' dir='ltr'>a</span> <span class='ocrx_word' id='word_1_366' title='bbox 1089 2658 1280 2703; x_wconf 81' lang='lat' dir='ltr'>Librariis</span> <span class='ocrx_word' id='word_1_367' title='bbox 1299 2665 1375 2705; x_wconf 83' lang='lat' dir='ltr'><strong>ad·-</strong></span> 
     </span>
    </p>
   </div>
   <div class='ocr_carea' id='block_1_9' title="bbox 59 2681 1370 2864">
    <p class='ocr_par' dir='ltr' id='par_1_22' title="bbox 59 2681 1370 2864">
     <span class='ocr_line' id='line_1_47' title="bbox 59 2681 1370 2775; baseline 0.028 -52"><span class='ocrx_word' id='word_1_368' title='bbox 59 2681 149 2724; x_wconf 81' lang='lat' dir='ltr'>dxta</span> <span class='ocrx_word' id='word_1_369' title='bbox 176 2687 256 2749; x_wconf 59' lang='lat' dir='ltr'><strong>qu</strong></span> <span class='ocrx_word' id='word_1_370' title='bbox 288 2703 479 2753; x_wconf 58' lang='lat' dir='ltr'>corrupto</span> <span class='ocrx_word' id='word_1_371' title='bbox 508 2694 639 2755; x_wconf 60' lang='lat' dir='ltr'>versu.</span> <span class='ocrx_word' id='word_1_372' title='bbox 663 2696 832 2756; x_wconf 76' lang='lat' dir='ltr'>Derafis</span> <span class='ocrx_word' id='word_1_373' title='bbox 860 2718 998 2753; x_wconf 83' lang='lat' dir='ltr'>autem</span> <span class='ocrx_word' id='word_1_374' title='bbox 1021 2713 1133 2759; x_wconf 82' lang='lat' dir='ltr'>utin</span> <span class='ocrx_word' id='word_1_375' title='bbox 1162 2715 1370 2775; x_wconf 72' lang='lat' dir='ltr'>Virgil.X,</span> 
     </span>
     <span class='ocr_line' id='line_1_48' title="bbox 59 2743 1194 2864; baseline 0.014 -83"><span class='ocrx_word' id='word_1_376' title='bbox 59 2749 105 2791; x_wconf 43' lang='grc' dir='ltr'>ίς.</span> <span class='ocrx_word' id='word_1_377' title='bbox 130 2743 264 2798; x_wconf 74' lang='lat' dir='ltr'>deczfis</span> <span class='ocrx_word' id='word_1_378' title='bbox 288 2750 453 2801; x_wconf 67' lang='lat' dir='ltr'>undaque</span> <span class='ocrx_word' id='word_1_379' title='bbox 472 2761 617 2796; x_wconf 68' lang='lat' dir='ltr'>ramas.</span> <span class='ocrx_word' id='word_1_380' title='bbox 1164 2822 1194 2864; x_wconf 79' lang='lat' dir='ltr'>f</span> 
     </span>
    </p>
   </div>
  </div>
 </body>
</html>
