1627 3056
399 156 1041 220 L15ERXV1.
1355 189 1458 247 331

9 278 110 324 520
147 258 330 310 Omnes
352 257 585 321 primaevi,
611 257 918 326 flaventiaque
943 279 1020 309 ora
1040 260 1229 323 decori,

147 327 330 377 Omnes
352 327 416 375 ire
437 327 590 387 leves,
616 342 747 392 atque
774 345 935 376 ornnes
957 329 1144 377 vincere
1164 330 1304 397 digni.

215 394 416 452 Extulit,
435 395 708 443 incumbens
729 395 883 442 medio
907 396 999 458 jam
1023 396 1414 466 limite5greffum

145 464 371 528 Eurytus,
394 469 434 511 &
461 462 632 525 primus
648 502 660 523 ,
686 463 900 511 brevibus
919 505 930 525 ,
955 465 1030 512 sed
1054 465 1251 529 primus,
1276 468 1433 517 abibat

145 531 412 580 Praecedens
432 529 596 593 spatiis,
627 531 760 578 Instat
781 549 873 578 non
899 532 1076 599 segnius
1098 551 1205 581 acer

15 613 101 661 525
140 599 399 662 Hesperos,
427 616 479 647 ac
501 597 648 661 prim&
671 598 842 665 stringit
867 599 1050 666 vestigia
1070 601 1228 661 plant&

143 666 394 734 Praegressae
416 666 568 716 calcis.
594 666 709 715 Satis
732 668 791 714 est
813 666 917 716 'nuic
941 667 1028 715 effe
1051 668 1215 732 priori3

142 734 274 783 Huic
295 735 474 798 sperare
496 734 558 783 sat
576 735 636 782 est
658 776 669 796 ,
694 735 792 783 fieri
817 733 859 783 se
881 735 1003 798 posse
1024 735 1241 798 priorem.

141 802 308 850 Acrius
332 802 422 850 hoc
445 802 640 850 tendunt
660 802 827 869 greffus
843 842 854 862 ,
880 803 1111 868 animique
1132 804 1295 872 vigore

145 869 353 933 Corpora
380 885 549 938 agunt:
580 884 716 937 auget
740 870 891 933 pueris
916 870 1049 919 labor
1074 871 1168 935 ipse
1190 873 1426 924 decorem.

14 954 104 1004 530
140 937 294 1000 Ecce,
318 939 411 987 levi
435 938 532 986 nisu
563 940 881 1003 postremoque
906 938 1090 1004 agmine
1118 958 1328 1003 currens,

138 1004 384 1069 Postquam
406 1005 469 1053 sat
488 1005 607 1053 visus
628 1005 708 1054 fibi
729 1005 988 1068 concepisse
1009 1006 1176 1073 vigoris
1190 1048 1203 1069 ,

141 1073 305 1122 Celsus
327 1073 612 1121 inexhaustas
637 1072 830 1121 effundit
850 1074 1032 1122 turbine
1053 1075 1172 1123 vires

142 1140 257 1205 Non
276 1140 564 1204 exspefflam,
595 1140 858 1204 subitusque
885 1144 1112 1205 erumpit,
1137 1149 1177 1191 8<
1202 1161 1358 1206 auras,

138 1207 419 1258 Praevehitur
441 1208 653 1257 Theron.
678 1207 852 1257 Credas
874 1209 1118 1272 Cyllenida
1138 1212 1346 1275 plantam

11 1293 98 1344 535
139 1275 358 1324 AEthereo
380 1275 508 1324 nexis
531 1274 663 1323 cursu
686 1277 905 1324 talaribus
922 1276 1002 1325 ire.

137 1342 339 1407 Jamque
358 1343 457 1403 hos,
477 1342 663 1406 jamque
678 1342 799 1404 illos,
819 1343 992 1407 populo
1011 1343 1202 1392 mirante
1220 1343 1454 1410 relinquit3

137 1410 220 1472 Et,
243 1409 383 1459 modo
409 1411 682 1472 postremus,
709 1426 834 1458 nunc
857 1410 1014 1459 ordine
1035 1412 1167 1458 tertia
1188 1413 1373 1475 palma,

137 1477 382 1541 Hesperon
406 1477 583 1525 infestat
607 1477 681 1524 sua
699 1493 782 1539 per
801 1477 989 1546 vestigia
1007 1477 1219 1540 pressum.

135 1545 243 1594 Nec
260 1545 352 1608 jam
370 1562 508 1608 quem
526 1544 726 1607 sequitur
740 1545 931 1602 tantum,
948 1545 1024 1594 sed
1040 1545 1186 1609 prima
1203 1563 1385 1596 coronae

0 1627 100 1675 '540
140 1615 254 1679 Spes
275 1612 470 1675 trepidat
488 1612 622 1660 tantis
642 1611 934 1661 venientibus
958 1613 1156 1677 Eurytus
1177 1613 1274 1662 alis.

201 1681 405 1745 Quartus
427 1680 543 1728 sorte
563 1679 685 1741 loci,
713 1679 788 1728 sed
805 1721 816 1741 ‚
844 1679 873 1728 fi
896 1694 985 1728 tres
1010 1679 1168 1729 ordine
1188 1680 1370 1731 servent

129 1749 363 1811 Incoeptos
393 1747 547 1797 cursus
563 1787 575 1809 ‚
596 1747 909 1813 nequidquam
933 1765 1053 1798 vana
1069 1748 1287 1798 laborans

131 1815 364 1864 Tarteffos
393 1816 580 1864 fratrem
606 1815 759 1863 medio
781 1816 1002 1865 Therone
1023 1818 1279 1878 premebat.

133 1883 241 1932 Nee
266 1883 441 1948 patiens
462 1883 581 1930 ultra
601 1882 720 1931 tollit
742 1882 834 1931 sese
856 1901 1035 1947 aequore
1051 1883 1247 1933 Theron

3 1966 91 2014 545
129 1953 298 2017 Igneus
315 1992 326 2012 ‚
351 1957 394 2000 &
426 1951 618 2014 pienum
647 1951 934 2013 praetervolat
961 1950 1209 2014 Hesperon
1233 1952 1328 2004 irae.

129 2019 267 2068 Unus
293 2034 388 2068 erat
410 2019 569 2082 super,
593 2024 635 2066 &
656 2033 787 2066 metae
812 2017 1098 2081 propioribus
1116 2036 1259 2086 aegros

129 2086 312 2135 Urebat
338 2086 438 2134 finis
458 2085 642 2135 stimulis
667 2106 676 2133 :
703 2084 1014 2149 quascumque
1036 2086 1220 2151 reliquit

129 2154 259 2203 Hinc
281 2154 427 2216 labor,
444 2154 556 2203 hinc
571 2168 810 2217 penetrans
828 2171 972 2216 pavor
987 2153 1031 2201 in
1048 2153 1292 2216 praecordia
1307 2155 1444 2221 vires,

127 2222 261 2270 Dum
283 2222 460 2285 sperare
482 2222 590 2269 licet
607 2259 620 2278 ‚
643 2220 800 2268 brevia
825 2221 882 2269 ad
904 2222 1147 2270 conamina
1166 2239 1358 2288 uterque

0 2304 90 2351 550
128 2289 359 2338 Advocat.
387 2289 641 2351 AEffuantur
662 2288 814 2336 cursus
838 2309 847 2337 :
877 2290 1134 2354 pariterque
1156 2294 1379 2354 ruebant,

128 2357 188 2406 Et
209 2357 358 2405 forsan
383 2356 568 2423 gemin&
600 2355 860 2404 meruiffent
878 2358 1063 2420 praemia
1086 2360 1240 2420 paim&

127 2425 335 2472 Per-vesti
361 2424 491 2472 simul
520 2423 576 2471 ad
603 2440 747 2472 metas
766 2465 777 2484 ‚
800 2423 845 2471 ni
862 2465 874 2482 ,
894 2441 1020 2492 terga
1041 2425 1222 2476 secutus

129 2491 363 2539 Theronis
379 2531 391 2551 ‚
417 2491 565 2539 fusam
588 2491 678 2539 late
699 2500 780 2552 pei·
799 2492 942 2540 lafiea
966 2493 1087 2540 colla
1188 2500 1202 2510 κ

129 2557 366 2620 Hesperos
388 2558 564 2626 ingenti
590 2557 799 2607 tenuisset
825 2559 963 2608 saevus
985 2562 1040 2607 ab
1059 2561 1141 2620 irs,

0 2640 86 2688 555¹
125 2625 445 2690 Traxiffetque
466 2645 667 2674 comam.
690 2626 946 2676 Tardatum
973 2628 1098 2676 laetus
1122 2629 1358 2693 ovanstlue

127 2694 324 2759 Eurytus
345 2694 497 2747 evadit
516 2695 762 2763 juvenem,
786 2709 921 2762 atque
942 2696 999 2745 ad
1021 2695 1206 2761 praemia
1225 2696 1376 2749 vietor
