1627 3056
382 180 1008 240 L1BERX11.
1328 203 1444 264 237

115 282 292 347 Perque
316 278 471 329 aversa
493 278 595 328 tulit
618 295 817 343 portatas
843 281 889 329 in
914 299 1022 331 arva
1043 280 1233 331 carinas.

67 404 73 410 ⁸
185 348 390 399 Lubrica
411 347 616 395 roboreis
636 348 823 397 aderant
846 348 1139 400 substramina
1164 350 1371 414 plaustris
1387 389 1404 416 ‚

0 435 76 483 145
117 418 274 483 Atque
300 433 460 464 reeens
481 415 580 466 caefi
604 431 731 483 tergo
762 417 972 481 prolapsa
994 418 1182 482 juvenci
1231 446 1235 450 ·

121 486 408 550 AEquoream
423 499 522 533 rota
536 485 735 532 ducebat
751 502 831 547 per
844 486 1056 552 gramina
1070 486 1284 551 puppim.

121 555 183 604 Et
209 555 330 620 jam,
350 570 431 616 per
448 551 591 602 colles
611 553 864 617 dumosque
879 553 936 601 ad
955 553 1058 602 litus
1080 555 1235 604 adacta
1255 596 1269 619 ,

123 624 324 672 Innabat
345 622 512 689 pelago
529 660 541 682 ‚
562 620 754 670 Veniens
769 622 858 669 fine
880 623 1056 690 remige
1074 622 1237 675 claffss.

194 688 597 738 Nuncius'interea
614 729 624 748 ,
652 690 790 738 vectis
803 707 896 737 non
914 708 1041 739 more
1060 692 1229 740 carinis

0 779 89 826 450
123 759 402 808 Terrentem
419 757 534 808 freta
557 774 769 806 curarum
793 757 1050 808 fervoribus
1066 758 1263 823 implet3

129 830 264 878 Dum
282 827 446 888 procul
470 825 682 873 OEbalios
703 841 827 874 amet
845 843 1111 894 expugnare
1130 844 1346 892 nepotes,
1397 858 1402 865 -

129 901 188 945 Et
211 894 383 958 primus
402 893 547 942 rostris
568 892 713 942 sulcet
730 894 969 943 navalibus
992 913 1099 945 arva
1119 935 1133 957 ‚

133 960 346 1011 Adseffos
364 961 540 1025 Capua:
566 979 750 1023 murm,
775 961 962 1010 claustra
977 961 1070 1026 ipsa
1090 965 1254 1014 revelli
1326 1022 1330 1026 .

131 1031 376 1080 Portarum
393 1069 406 1091 ,
429 1047 487 1078 ac
498 1044 649 1078 totum
673 1029 843 1079 miseris
857 1031 1087 1079 incurrere
1105 1033 1297 1082 bellum.

0 1116 27 1166 '4
40 1119 94 1166 55
132 1098 324 1163 Linquit
338 1112 487 1160 empta
503 1097 636 1146 ferox
648 1137 659 1156 ,
677 1099 938 1164 pennasque
955 1099 1148 1148 addente
1163 1101 1340 1164 pudore

137 1168 293 1232 Atque
317 1165 384 1214 ira
404 1166 536 1215 fimul
551 1205 563 1226 ,
586 1165 778 1214 immani
796 1185 876 1230 per
894 1168 1109 1230 proxima
1132 1185 1261 1218 motu

139 1235 310 1285 Evolat
327 1273 339 1294 ,
361 1240 403 1283 δι
418 1233 631 1282 minitans
643 1232 775 1283 avide
797 1235 852 1283 ad
873 1237 1124 1285 certamina
1141 1237 1300 1289 fertur.

142 1302 286 1355 Haud
309 1300 437 1351 secus
452 1342 463 1362 ‚
489 1299 642 1350 amisso
662 1301 787 1368 tigris
808 1302 837 1350 fi
862 1303 1042 1352 concita
1059 1304 1156 1354 fetu

144 1369 351 1431 Emicet,
376 1370 570 1419 attonitae
591 1369 747 1433 paucis
769 1370 975 1420 lustratur
990 1372 1036 1420 in
1051 1372 1174 1423 horis

13 1451 109 1507 460
144 1435 379 1489 Caucasus
394 1477 407 1499 ,
429 1444 472 1486 &
488 1437 605 1487 saltu
620 1438 883 1487 tramittitur
900 1439 1006 1489 alite
1027 1439 1248 1510 Ganges3

147 1510 320 1557 Donec
332 1505 562 1555 fulmineo
583 1505 736 1569 partus
757 1506 940 1573 vestigia
961 1508 1091 1557 cursu

150 1574 382 1641 Colligat,
406 1580 449 1624 &
472 1574 645 1623 rabiem
670 1573 833 1636 prenso
858 1576 1094 1625 consumat
1114 1577 1160 1625 in
1184 1578 1326 1628 hoste.

220 1642 407 1693 Obvius
422 1642 528 1691 huic
543 1641 690 1706 sparso
713 1641 964 1692 Centenius
981 1645 1164 1712 agmine
1182 1646 1346 1711 raptim

152 1709 403 1772 Funditur,
426 1709 620 1758 audendi
639 1727 829 1772 praVUS,
859 1710 1095 1777 facilisque
1118 1715 1296 1775 pericli.

18 1789 114 1846 '465
155 1780 246 1830 Sed
266 1796 462 1842 parvum
481 1777 620 1827 decus
637 1778 894 1827 Hannibali
917 1800 929 1829 :
955 1798 1062 1829 nam
1088 1783 1191 1832 vitis
1213 1782 1390 1834 honore

158 1847 426 1898 Perfunftus
449 1846 613 1908 Latiae,
641 1845 786 1894 subito
810 1847 1056 1896 stimularat
1079 1852 1269 1917 agrestes
1295 1891 1307 1912 ‚

158 1917 539 1980 Semermemque
559 1932 750 1962 manum
767 1915 1053 1964 sternendam
1076 1919 1308 1984 objecerat
1323 1918 1454 1975 hosti,

161 1985 238 2034 Bis
261 1983 434 2047 septem
459 1981 646 2031 demissa
670 1981 774 2030 neci
796 2022 809 2044 ‚
839 2000 927 2031 nec
949 1983 1134 2034 substitit
1159 2004 1360 2055 agmen,

163 2052 316 2101 Millia
337 2072 347 2100 ε
373 2051 439 2100 bis
456 2051 629 2114 septem
647 2090 660 2112 ,
690 2068 789 2118 quae
810 2068 902 2099 non
924 2050 1149 2102 sollertior
1167 2056 1272 2104 ense
1286 2095 1301 2118 ,

31 2138 127 2181 470
163 2120 255 2170 Sed
278 2137 424 2187 genus
450 2118 634 2187 insignis
654 2157 666 2179 ,
693 2117 814 2183 justis
835 2119 1028 2170 ducebat
1050 2120 1096 2169 in
1126 2121 1262 2171 armis

29 2183 38 2190 ⁵
164 2188 357 2239 Fulvius
383 2208 393 2237 τ
422 2188 482 2235 ast
498 2204 624 2252 :eque
644 2204 726 2249 per
744 2204 938 2250 corpora
956 2188 1054 2237 fusa
1071 2189 1306 2254 jacentum

166 2258 372 2320 Raptum
385 2256 468 2304 iter
478 2256 539 2303 est
553 2296 564 2312 ‚
581 2255 817 2318 vi&0rque
830 2273 1010 2307 moram
1028 2274 1120 2305 non
1134 2258 1280 2322 passus
1294 2260 1451 2316 eundi.

165 2323 407 2387 Exsequiae
426 2321 601 2371 tantum
622 2322 797 2370 famam
814 2340 1077 2390 nomenque
1094 2327 1330 2377 volentem

170 2391 377 2440 Mitificae
398 2389 561 2439 mentis
580 2404 827 2439 tenuerunt
845 2392 1008 2442 funere
1029 2394 1131 2445 laeto
1152 2414 1163 2443 ε

37 2471 133 2524 [475
172 2458 394 2522 Namque
406 2457 696 2522 perinfidias,
715 2458 979 2510 infandum!
999 2465 1041 2510 &
1054 2464 1108 2510 ab
1119 2462 1297 2527 hospite
1309 2463 1481 2531 cresus}

174 2525 480 2591 Colloquium
498 2530 542 2573 &
560 2524 772 2590 promissa
788 2527 901 2591 petit
922 2529 1032 2578 dum
1047 2530 1221 2594 perfida
1232 2531 1381 2599 gentis

173 2593 376 2643 Lucanae
395 2633 407 2655 ‚
434 2593 679 2643 Gracchus
693 2633 707 2656 ,
732 2614 854 2645 caeco
876 2598 1184 2648 circumdatus
1205 2601 1297 2648 astu

176 2660 458 2724 Occiderat,
485 2661 761 2729 laudemque
780 2663 924 2731 Libys
942 2666 1146 2730 rapiebat
1165 2667 1408 2727 humandi.

236 2729 330 2783 Sed
347 2747 441 2786 non
455 2769 470 2795 ,
491 2744 542 2783 ut
560 2730 726 2797 scitum
741 2733 943 2790 celerare
962 2735 1019 2789 ad
1037 2735 1208 2792 moenia
1222 2736 1419 2788 Poenum
1430 2760 1451 2802 :j
