1627 3056
202 189 255 226 54
738 179 780 217 N
814 189 843 217 0
874 188 902 219 'r
934 189 973 219 Ε
1204 216 1207 218 .

197 261 240 285 ut
264 245 306 283 in
329 255 362 291 c.
392 242 444 284 T.-
471 242 522 284 R.
557 257 591 283 2.
618 244 696 286 Sed
722 260 804 286 non
834 260 948 286 muto
973 261 1136 300 propter
1159 249 1184 288 1.
1213 248 1264 289 11.
1287 265 1324 289 v.
1349 264 1444 300 454.
1492 271 1493 274 =
1548 295 1551 299 ,

263 313 349 348 145.
370 298 578 338 Nutribaz.
600 300 649 338 In
666 313 697 338 c.
719 302 768 339 T.
786 302 836 341 R.
859 315 896 340 2..
920 302 1098 342 nutrivit.
1120 306 1239 355 Supra
1261 304 1368 354 lupa.
1391 307 1500 352 Dici

195 355 235 392 δ’
257 352 351 403 lupa
368 383 385 400 ,
413 353 455 391 in
480 353 556 392 hoc
577 354 719 406 clypeo
736 384 746 400 ,
772 356 1021 406 permulcens
1039 387 1049 404 ,
1073 361 1148 396 δίε.
1173 359 1352 398 nutribat
1370 361 1499 398 alum·

197 421 322 454 num,
355 411 429 447 &c-
459 419 531 445 ceu
558 406 837 452 fetumssuum.

264 475 350 510 147.
381 460 605 500 Humentia.
632 462 693 500 Sic
714 475 856 502 omnes
879 465 993 503 rcere.
1011 464 1166 503 Frustra
1184 463 1303 505 offert
1314 465 1499 518 spumam

201 515 261 554 zia,
286 514 497 564 Heynfius.

240 568 561 675 siftsffVirgato.
592 567 697 609 Vide
722 569 747 608 1.
776 569 846 608 IV.
882 583 968 618 155.
1009 569 1089 609 Hic
1116 574 1219 624 raye'.
1254 571 1499 611 Germanice

202 638 248 666 <e
268 632 337 660 ἵνα
373 634 400 660 t.

199 651 214 676 ἱ
263 690 349 725 154.
381 674 513 714 Atris.
548 675 609 714 Sic
639 675 793 727 antiqui
822 679 860 716 δε
883 673 1038 715 Beneff.
1077 678 1186 717 Male
1208 678 1341 717 Marso
1366 676 1499 716 acris.-

203 733 243 768 δε
267 731 360 767 hinc
383 728 438 767 ira
463 730 769 769 recentioribus.

268 798 352 833 159·
390 781 577 822 Fodicznt.
615 780 825 822 offerebat
851 783 994 836 aliquis
1013 783 1165 834 fierient
1187 816 1203 833 ,
1236 797 1278 824 ut
1306 784 1332 823 I.
1364 783 1499 823 XVII.

204 851 297 884 293.
328 835 405 875 Sed
431 839 531 875 rec'te
554 835 617 875 hic
631 836 808 887 fodiant.

272 898 356 938 163.
393 888 545 931 Vanus.
579 891 640 929 Ex
663 891 851 929 Homero
872 889 965 930 XII.
989 905 1080 940 237.
1120 892 1272 931 Confer
1297 894 1392 930 Stat.
1416 890 1496 929 ΙΙΙ.

203 951 281 992 652.
297 949 431 983 2668.
458 945 545 983 val.
568 945 682 983 Max.
702 944 728 982 1.
748 943 827 982 111.
857 957 888 982 c.
915 959 952 991 7.
978 957 1127 985 extem.
1146 950 1178 992 §.
1202 953 1237 985 6.
1267 945 1318 985 de
1339 944 1501 984 Hanni-

208 998 326 1045 bale3
354 1001 394 1038 ὃς
415 999 578 1038 Sueton.
600 1002 633 1044 §.
665 1012 730 1045 77.
756 996 807 1037 de
834 997 1000 1037 Caesare.

263 1058 350 1100 165.
385 1050 508 1102 Afro.
539 1052 600 1090 Sic
630 1054 733 1090 rene
753 1051 858 1090 solus
883 1064 915 1089 c.
943 1053 993 1090 T.
1029 1051 1094 1091 De
1122 1052 1351 1092 Hannibale
1376 1050 1501 1090 intel«

205 1104 288 1157 lige
306 1137 315 1152 ,
342 1106 449 1153 cujus
474 1106 594 1144 solius
620 1105 744 1156 spolia
763 1103 823 1143 hic
845 1102 1003 1156 poffunt
1029 1105 1109 1144 dici
1134 1107 1280 1158 opima.
1309 1106 1500 1158 Turpiter

204 1160 355 1198 erravit
386 1160 429 1196 in
455 1160 531 1198 hoc
557 1159 651 1198 loco
679 1157 927 1210 exponendo
950 1158 1160 1210 Heynfius.
1189 1161 1407 1212 Orphitum
1434 1172 1502 1198 ac·

205 1212 292 1265 cipe
320 1212 371 1252 de
395 1225 500 1264 equo
526 1212 744 1258 Flaminii,
773 1225 894 1264 quem
922 1213 1000 1263 ipse
1025 1212 1284 1266 adloquitur,
1315 1227 1356 1253 ut
1379 1215 1402 1252 1.
1430 1214 1506 1254 lv..

206 1275 279 1314 265
302 1297 311 1312 ,
346 1271 385 1305 &
411 1266 556 1319 virgil.
583 1267 631 1304 X.
659 1275 748 1305 862.
775 1265 879 1305 Vide
907 1266 975 1305 Sil.
1002 1266 1110 1306 XVI.
1133 1281 1226 1317 423.

265 1327 352 1367 169.
388 1319 503 1359 Alia.
539 1321 700 1372 Nempe
731 1319 847 1370 qucim
874 1321 970 1358 mebi.

266 1378 354 1419 178.
385 1371 508 1413 Lento.
534 1374 659 1413 Refer
685 1373 736 1412 ad
759 1372 854 1421 cui,
881 1387 972 1412 cum
997 1373 1152 1414 duobus
1172 1373 1359 1426 antiquis.
1382 1373 1505 1413 Dixit

205 1427 329 1474 Ioeto,
357 1428 450 1479 quia
475 1440 516 1466 ut
537 1428 578 1465 in
601 1428 729 1466 Statio
750 1458 761 1474 ‚
799 1428 824 1465 l.
852 1427 968 1466 VIII.
995 1441 1045 1476 99
1065 1458 1076 1475 ‚
1105 1428 1313 1478 Apollinis
1337 1427 1499 1478 dilefflj'-

197 1484 321 1538 fimus
349 1479 431 1521 aris
450 1496 463 1518 .·
486 1495 553 1521 aut
570 1481 650 1520 fine
670 1480 822 1521 damno
839 1480 1050 1522 incedebat
1073 1494 1141 1534 per
1157 1482 1281 1535 ignes.
1300 1482 1405 1521 Aliis
1426 1481 1503 1520 sine

206 1537 318 1577 sensu
344 1535 489 1574 lartum.

273 1594 359 1628 180.
403 1588 540 1632 ViHor
565 1604 577 1626 .·
606 1589 644 1627 h.
669 1588 695 1626 l.
729 1600 751 1627 e
785 1588 960 1640 Virgilio
990 1588 1209 1640 exprimit,
1244 1589 1269 1628 1.
1296 1589 1366 1628 XI.
1397 1591 1507 1638 786,

207 1643 275 1681 nbi
303 1656 402 1682 nora
435 1644 539 1682 male
569 1644 611 1680 in
642 1641 813 1694 vulgaris
838 1642 1015 1693 pluribus
1043 1643 1201 1695 Virgilii
1223 1644 1299 1697 legi
1318 1643 1504 1689 cultores,

206 1709 280 1748 pro
305 1697 489 1743 viliores,
522 1695 635 1747 quod
660 1696 700 1733 in
730 1697 894 1746 scriptis.
932 1696 1043 1734 Nota
1066 1696 1107 1734 in
1133 1697 1270 1736 nostro
1295 1698 1508 1743 innocuos,

206 1749 251 1788 id
277 1750 357 1797 est,
388 1764 463 1788 non
494 1749 708 1795 laedentes,
738 1761 901 1798 propter
924 1748 949 1786 1.
977 1749 1108 1787 XVII.
1142 1765 1179 1788 v.
1206 1767 1229 1799 9
1258 1781 1268 1798 ‚
1310 1751 1374 1790 ubi
1397 1750 1506 1789 resti-

205 1802 359 1844 tuenda
391 1804 472 1843 haec
498 1816 604 1848 vox,
631 1814 705 1854 pto
729 1801 898 1840 inomnis
923 1802 1172 1852 scriptorum.

270 1861 356 1897 182.
387 1856 517 1897 Fatis.
546 1856 609 1895 Ita
634 1868 728 1893 vere
753 1854 962 1904 Heynsius.
987 1856 1048 1893 Sic
1074 1855 1196 1895 video
1218 1858 1260 1895 in
1281 1857 1507 1903 Cicerone,

206 1909 259 1951 de
287 1910 439 1964 legibus
455 1940 465 1956 ,
497 1925 516 1948 2
535 1924 546 1957 3
575 1909 674 1947 mihi
696 1911 728 1954 §.
751 1915 816 1957 46.
846 1907 994 1948 Vatum
1013 1907 1130 1961 qffiata
1143 1909 1372 1961 incognita,
1395 1909 1505 1963 quod

205 1965 355 2015 efizri5
388 1977 430 2003 ut
452 1964 493 2001 in
521 1963 640 2002 Livio
658 1992 666 2005 ,
704 1961 811 1999 XXI.
839 1974 871 1999 c.
903 1975 944 2000 12
963 1991 973 2007 ,
1007 1961 1065 2000 ita
1093 1963 1186 2002 mihi
1213 1964 1370 2015 Jupiter
1391 1965 1509 2015 finus

203 2019 272 2070 est.
306 2019 401 2057 Hoc
417 2018 528 2056 sensu
553 2017 594 2055 in
617 2015 793 2068 Virgilio
809 2044 819 2061 ,
850 2015 898 2052 V.
925 2028 997 2061 703
1018 2045 1028 2061 ,
1058 2016 1205 2056 oblitus
1223 2020 1401 2067 satorum
1419 2050 1436 2066 ,
1463 2016 1506 2057 id

206 2074 276 2122 est,
294 2071 512 2126 ffztorum.
530 2071 576 2109 In
593 2070 876 2120 Lucan0,fi2ta
892 2068 1044 2116 Deam,
1053 2069 1208 2121 secrmz
1223 2072 1417 2120 carmina,
1433 2075 1507 2112 «Sec.

203 2128 239 2168 J.
272 2141 358 2176 599.
389 2126 499 2165 Male
524 2125 646 2177 igitur
672 2124 785 2167 aliis,
805 2122 936 2173 saHis.

265 2181 332 2220 Ib.
363 2178 611 2220 Muneribus.
641 2178 703 2216 Ita
735 2177 1000 2216 Burmannus.
1027 2176 1134 2216 Aliis
1166 2177 1301 2229 inepte
1331 2178 1508 2219 vulneri-

206 2236 292 2274 bus.
323 2234 418 2273 Jam
447 2232 545 2272 vero
574 2230 797 2271 sacerdores
826 2231 866 2269 in
891 2230 1006 2269 bellis
1029 2230 1170 2271 videre
1199 2232 1253 2270 est
1280 2232 1385 2282 apud
1411 2237 1510 2283 poe-

203 2301 290 2334 nas,
320 2287 426 2326 utin
447 2286 650 2338 Virgilio,
676 2286 725 2324 X.
748 2300 849 2335 537,
880 2287 920 2323 &
944 2285 1042 2336 saepe
1063 2285 1105 2323 in
1130 2285 1254 2331 Silio,
1277 2299 1320 2324 ac
1349 2286 1451 2324 aliis.

226 2356 230 2359 ·
259 2341 463 2381 Furorem.
483 2339 643 2379 Alludit
664 2338 715 2378 ad
730 2352 863 2377 vatum
883 2337 1060 2377 furorem
1073 2340 1351 2391 propheticum
1365 2338 1414 2377 de
1425 2352 1509 2392 quo

206 2396 321 2448 plura
342 2395 384 2432 in
402 2394 588 2433 Platone.
610 2392 715 2432 Vide
734 2405 867 2433 meum
883 2390 1060 2431 indicem
1078 2393 1157 2446 gal.
1174 2406 1273 2433 voce
1288 2393 1445 2433 Neleia.

268 2452 355 2497 185.
382 2446 555 2486 Turmae.
585 2446 633 2485 In
652 2447 702 2487 R.
734 2461 765 2485 1.
792 2461 954 2500 pugnav-

260 2510 353 2550 189.
378 2501 457 2540 Ac.
485 2500 533 2538 In
560 2500 610 2540 R.
642 2514 676 2539 1.
699 2511 775 2548 at,
814 2504 851 2540 δε
876 2501 968 2540 hinc
991 2499 1048 2539 ita
1070 2499 1249 2552 quidam.

270 2569 361 2603 190.
392 2554 548 2595 Secula.
573 2553 622 2592 In
645 2554 696 2594 R.
724 2568 758 2592 2.
778 2555 934 2604 proelia.
960 2553 1024 2592 ΙΙ).
1042 2555 1156 2606 sern’.
1184 2557 1231 2593 C.
1257 2554 1308 2594 T.
1327 2553 1470 2608 longoe.

263 2622 354 2654 191.
382 2607 591 2660 Horresco.
618 2622 654 2647 u.
685 2620 723 2660 p.
749 2622 803 2646 m.
829 2608 876 2646 In
898 2610 950 2649 R.
975 2622 994 2646 2
1014 2637 1025 2654 ,
1056 2621 1098 2647 ut
1119 2623 1157 2661 p.
1181 2616 1235 2648 m.
1258 2609 1280 2646 h

267 2676 355 2710 199.
384 2662 548 2717 Signum
580 2661 751 2702 clamore
779 2660 957 2702 viciffim.
998 2662 1121 2702 Reae
1152 2664 1190 2702 se
1223 2637 1342 2701 haliet
1367 2673 1502 2700 textus

201 2726 327 2771 ‘quem
354 2728 428 2760 nec
462 2717 616 2771 Heynf.
647 2727 720 2757 nec
749 2715 877 2761 Drak.
910 2715 1214 2763 intellexerunt.
1255 2716 1338 2761 Dic
1373 2716 1498 2767 Tyria}
