1627 3056
288 181 340 223 7ο
838 165 880 207 N
912 177 942 208 0
973 177 1001 209 τ
1034 175 1072 208 AE

288 243 383 276 600.
409 247 572 287 parvus.
608 233 658 274 In
692 246 725 272 c.
755 232 807 273 T.
834 234 981 287 legitur
1006 236 1174 275 Athone.
1204 232 1406 289 Equidem
1434 235 1587 277 Almcm

288 290 368 331 fuit
387 291 528 329 civitas
553 291 593 328 in
610 287 810 327 Thessalia
835 302 858 328 a
879 289 1031 341 Scythis
1057 289 1220 329 condita
1242 306 1252 329 2
1275 289 1340 330 sed
1360 291 1479 331 etiam
1503 293 1590 332 sue-

291 358 384 384 runt
412 345 592 384 Albones
617 345 657 382 in
677 343 814 395 Illyria
838 358 924 396 quae
948 357 1043 396 gens
1066 345 1218 383 Slavica
1235 375 1245 391 ‚
1271 358 1292 383 a
1316 347 1469 395 Scythis
1488 360 1592 399 quo«

290 412 371 453 que
407 397 613 445 oriunda3
646 411 687 436 ut
723 399 926 450 Phryges,
959 399 1025 449 qui
1061 399 1137 437 hoc
1172 411 1323 438 nornen
1353 401 1395 438 in
1427 399 1590 441 Italiam
1624 446 1627 448 ,

297 467 388 493 cum
417 452 590 503 Cybeles
614 452 721 491 cultu
753 450 988 491 transtulisse
1019 451 1219 492 dicuntur.
1243 452 1449 500 Adjiciam
1482 455 1591 494 Ger·-

289 508 420 547 manis
450 519 611 559 quoque
642 506 837 546 sollemne
862 504 978 546 fuiffe
1005 507 1139 545 Deam
1168 507 1546 552 Hertam(Terram
1563 516 1597 556 ),

287 561 421 601 immo
442 574 602 601 currum
625 560 728 608 ejus,
754 561 901 608 vestes,
923 559 1050 599 fluvio
1070 562 1287 612 quotannis
1305 562 1451 601 lavare.
1463 565 1593 602 Terra

286 628 425 655 autem
455 613 599 654 eadem
629 628 673 653 ac
704 614 855 666 Cybele.
888 615 948 652 At
975 613 1172 652 Germani
1210 628 1233 653 a
1266 616 1455 655 Sarmatis
1481 621 1520 656 &
1552 617 1594 657 hi

289 683 312 709 a
340 670 494 720 Scythis
521 667 700 707 oriundi.
726 669 835 707 Hinc
864 667 1006 707 videre
1039 668 1092 706 est
1117 667 1238 721 quani
1254 670 1303 708 ab
1327 670 1487 723 origine
1510 670 1595 723 pri-

290 738 428 764 maevae
461 736 599 776 gentes
628 723 733 761 inter
761 724 798 762 se
819 723 1078 761 conveniant.

350 785 441 827 376.
462 778 496 818 E
519 776 674 816 celebri.
699 777 872 828 Propter
896 777 1121 830 Augustum
1145 776 1214 830 qui
1230 775 1293 817 hic
1310 790 1440 817 natus.
1460 778 1520 818 Sic
1538 777 1595 819 D.

289 832 441 882 Heyns.
470 830 579 869 Aliis
606 831 800 871 incelebri.

353 894 443 936 387,
474 885 576 932 leri,
600 889 672 925 &c.
703 882 858 924 [ocum
884 883 1107 925 editoribus
1133 884 1260 924 nimii
1286 899 1428 925 eorum
1456 886 1596 937 praeci·

289 939 461 992 pitantia
483 940 726 991 impervium
746 938 862 978 facile
889 953 973 978 erat
994 940 1210 978 restituere.
1238 940 1385 979 Premo
1405 942 1595 994 reliquias

290 1008 487 1035 veterum.
514 993 589 1037 Ic‘z‘zf
610 993 653 1032 in
674 995 849 1033 secundo
874 995 985 1041 casu,
1013 1007 1055 1033 ut
1076 995 1119 1032 in
1139 993 1307 1041 Gellio,
1331 995 1359 1034 1.
1385 995 1452 1034 IX.
1479 1009 1510 1034 c.
1539 1009 1598 1041 13·

290 1061 313 1088 e
330 1048 382 1097 Q.
401 1047 578 1088 Claudio
599 1062 719 1101 quem
742 1061 945 1099 nuncupat
962 1049 1205 1101 purissimum
1233 1050 1481 1100 scriptorem.
1503 1050 1601 1089 Gal-

289 1103 367 1142 lice
396 1102 422 1141 ὰ
449 1102 490 1142 Ia
516 1117 585 1141 vue
610 1108 656 1142 de
683 1118 724 1142 ce
746 1118 858 1154 coup.
884 1102 1044 1154 Species
1069 1104 1146 1141 hoc
1171 1103 1282 1142 sensu
1308 1105 1351 1142 in
1371 1104 1514 1156 virgil.
1539 1103 1598 1144 11.

285 1157 457 1206 407.1b.
474 1156 620 1197 Finire.
640 1158 786 1204 Scribe,
805 1171 847 1196 ut
861 1157 903 1196 in
920 1158 1095 1210 antiquis
1112 1158 1216 1196 male
1229 1157 1388 1204 leCmm,
1409 1158 1485 1197 una
1498 1171 1598 1198 voce

281 1211 553 1264 speckfinire,
573 1212 725 1263 peteris
746 1213 867 1251 etiam
887 1212 1020 1264 legere
1037 1211 1278 1263 fpeciefinz're
1293 1242 1303 1258 ,
1332 1211 1398 1250 ubi
1418 1213 1523 1264 spro
1553 1212 1597 1252 f:

290 1265 432 1305 divide
466 1280 506 1305 ut
536 1267 664 1319 ignari
694 1267 848 1305 librarii
873 1267 1034 1318 species
1054 1266 1151 1305 inire
1169 1282 1188 1313 ‚·
1225 1267 1317 1304 hinc
1351 1266 1448 1304 labis
1481 1267 1599 1318 origo

292 1321 472 1373 patebit:
496 1321 562 1359 sed
581 1323 681 1361 fedic
697 1320 855 1366 divide,
876 1325 914 1361 &
930 1321 1091 1360 babebis
1108 1320 1236 1373 specie
1252 1319 1373 1371 finire
1397 1336 1408 1357 .·
1437 1324 1474 1359 δε
1495 1321 1598 1359 hunc

294 1387 453 1413 textum
478 1374 649 1414 reddent
664 1376 818 1428 antiqui
840 1376 1084 1427 :praesertim
1109 1390 1141 1415 c.
1163 1375 1255 1413 Col.
1271 1372 1382 1427 quod
1399 1388 1522 1413 nemo
1541 1375 1602 1413 in-

293 1428 453 1468 tellexit
468 1451 509 1458 --
531 1430 641 1469 Dein
666 1429 827 1469 habebis
852 1434 924 1470 hoc
948 1428 1133 1483 magistro
1156 1429 1272 1468 bella.
1296 1431 1457 1480 Nempe
1485 1428 1602 1468 finire

291 1484 426 1530 bella,
463 1483 604 1523 Mucio
637 1484 811 1524 docente
835 1485 1054 1525 porsenam
1082 1483 1182 1538 quid
1209 1485 1290 1535 ipse
1320 1482 1547 1522 timendum
1577 1497 1602 1523 a

290 1538 489 1578 Romanis
516 1539 731 1587 conjuratis
755 1539 938 1579 habebat.
967 1541 1062 1578 Vox
1087 1537 1274 1592 magistro
1296 1538 1603 1577 constantiflima

293 1593 349 1632 est
372 1592 414 1631 in
444 1594 634 1631 omnibus
663 1594 728 1633 vel
760 1595 917 1647 integre
946 1595 1010 1634 vel
1034 1593 1322 1646 compendiose
1352 1607 1477 1646 mgro.
1501 1594 1601 1633 Non

291 1646 388 1685 licet
422 1660 518 1698 ergo
549 1647 672 1699 ipsam
699 1663 870 1688 mutare.
899 1648 1078 1688 Inverfio
1111 1647 1276 1701 quidem
1312 1647 1518 1700 regiminis
1549 1647 1603 1685 est

291 1700 388 1740 hic:
424 1700 490 1738 sed
523 1702 579 1739 nil
607 1702 854 1752 frequentius
889 1703 931 1740 in
962 1703 1076 1741 Silio.
1104 1705 1166 1741 Sic
1195 1721 1220 1737 ει
1241 1716 1369 1741 armat
1390 1715 1602 1741 contemtu

291 1758 452 1806 peCmra
468 1753 606 1794 divum
622 1785 631 1800 ,
649 1755 674 1792 1.
694 1755 807 1793 xm.
828 1770 874 1804 91
897 1775 937 1793 υ.
962 1757 1041 1794 Dic
1058 1769 1155 1807 ergo
1169 1786 1178 1802 ‚
1202 1756 1375 1794 Porsena
1393 1769 1486 1794 tunc
1503 1752 1603 1794 effu·

294 1810 406 1861 giens
438 1809 610 1847 feliciter
643 1809 856 1855 ardentem
886 1808 1072 1848 dextram
1108 1809 1235 1848 Mucii
1265 1810 1442 1848 cernitur
1472 1810 1600 1861 specie

291 1864 359 1903 iffi
394 1862 509 1901 finire
542 1862 647 1901 bella
672 1892 682 1909 ,
721 1863 798 1902 hoc
836 1863 1026 1914 magistro
1049 1892 1058 1907 2
1102 1863 1276 1903 docente
1315 1864 1464 1902 scilicet
1504 1862 1603 1916 quid

294 1916 523 1956 timendum
554 1917 737 1956 habebat.
762 1916 966 1970 Magistro
993 1915 1093 1955 dicit
1116 1931 1158 1956 ut
1181 1918 1277 1955 alibi
1301 1918 1432 1968 pennlz
1455 1918 1602 1971 magis—

292 1972 359 2011 2νᾶ
389 1970 438 2010 de
464 1972 632 2023 augurio
668 1970 716 2009 ab
745 1970 1064 2012 aviumvvolatu.
1092 1973 1244 2010 Mirum
1276 1973 1329 2011 est
1357 1972 1552 2024 quantum
1580 1985 1604 2011 a

293 2039 434 2065 mente
454 2028 604 2077 poetae,
627 2029 666 2064 ὃς
682 2039 703 2063 a
726 2027 896 2065 veritate
913 2025 1097 2065 historica
1120 2021 1339 2065 discesserit
1354 2027 1417 2065 hic
1437 2040 1604 2079 magnus

294 2081 359 2119 vir
382 2080 599 2119 Burmann,
627 2079 738 2118 Dein
765 2083 852 2120 vult
879 2078 1046 2131 ministri
1071 2093 1146 2133 pro
1174 2081 1282 2135 magi
1319 2096 1360 2121 ro
1388 2098 1399 2120 :
1427 2080 1603 2122 sedatum

300 2133 557 2174 scribendum
579 2133 686 2173 foret

429 2189 546 2227 Tunc
576 2187 637 2226 iffi
665 2187 792 2239 specie
820 2187 934 2228 finire
959 2189 1040 2228 haec
1065 2187 1171 2228 bella
1193 2187 1385 2240 ministri,

293 2247 370 2287 &a
397 2255 515 2295 atque
551 2241 606 2280 ita
637 2255 687 2281 ne
720 2243 934 2282 minimum
961 2244 1009 2282 ab
1044 2243 1206 2284 historia
1240 2242 1458 2284 receffisset.
1491 2242 1604 2292 Quid

292 2310 429 2338 autem
449 2295 636 2348 fignificat
647 2297 781 2347 ficrere
809 2297 848 2336 in
862 2298 956 2348 fl’ra
973 2297 1078 2337 bella
1109 2299 1150 2337 in
1170 2298 1393 2338 Burmanni
1412 2297 1606 2337 emenda-

294 2354 438 2392 tione?
478 2350 614 2391 Placet
650 2351 750 2388 mihi
786 2350 1013 2390 admodum
1045 2353 1108 2391 hic
1137 2353 1302 2398 versus]
1337 2353 1403 2392 sed
1429 2353 1603 2392 nimium

292 2404 432 2447 differt
460 2403 625 2454 ministri
651 2419 674 2443 a
701 2405 900 2458 magistro.
928 2407 1075 2446 Saltem
1108 2406 1241 2446 fuisset
1267 2406 1439 2457 ministro
1471 2408 1532 2446 vel
1562 2410 1604 2448 in

294 2473 378 2501 uno
407 2459 576 2510 antiquo
600 2489 609 2504 ‚
641 2463 679 2498 ὃς
710 2460 752 2498 in
782 2473 938 2499 textum
970 2460 1185 2502 vocassem.
1214 2461 1284 2500 Ab
1310 2461 1485 2515 antiquis
1507 2468 1606 2516 ergo

293 2528 345 2555 ne
375 2511 620 2552 recedamus.·
649 2515 757 2554 Rem
785 2514 911 2555 tradit
931 2516 1035 2565 Livi.
1065 2516 1093 2554 1.
1121 2515 1177 2554 11.
1202 2529 1237 2555 c.
1268 2530 1327 2562 13.
1354 2517 1415 2556 vel
1438 2516 1548 2556 Flos..
1567 2516 1605 2566 vI.

289 2581 325 2610 ί.
353 2581 416 2607 10.
1567 2589 1572 2597 ι

355 2636 448 2671 404.
485 2620 628 2673 Regia.
661 2621 873 2662 Ciceronis
905 2622 1065 2676 stirpem
1097 2621 1352 2665 deducebant
1384 2624 1548 2679 quidam
1579 2638 1604 2665 a

290 2676 420 2720 Tullo
446 2675 589 2722 Attio,
618 2676 860 2716 Volscorum
883 2691 989 2730 rege.

344 2744 440 2782 410.
476 2728 665 2782 Eloquia.
701 2731 764 2772 Sic
796 2732 969 2787 antiqui.
1002 2732 1161 2780 ,Frustra
1192 2733 1322 2775 Drak.
1350 2732 1486 2774 ‘scribit
1517 2731 1601 2775 elo-
