1627 3056
153 202 263 274 336
529 196 1268 254 S1L111TALICx

289 293 489 356 Experta
505 327 518 348 ‚
541 297 582 340 &
599 294 738 340 robur
766 292 1027 341 florentibus
1052 293 1264 341 auximus
1283 292 1424 342 annis.

355 361 430 407 Ne
451 358 560 408 νεῑὸ
581 358 800 408 fabricate
822 378 969 408 moras
984 399 996 421 ,
1021 360 1094 407 sed
1119 378 1300 408 currere
1325 361 1489 408 sortem

155 445 247 490 τος
288 428 428 475 Hanc
445 427 582 488 finite,
600 426 656 474 ad
674 442 878 476 veterum
892 427 1083 475 delenda
1102 427 1345 491 opprobria
1360 428 1572 488 cladum,

287 493 446 558 Quam
468 493 580 542 mihi
606 494 844 544 servavere
862 494 968 542 Dei.
1001 495 1078 543 Sat
1104 495 1250 560 gloria
1276 511 1410 542 cauto

284 564 397 611 Non
420 561 545 609 vinci
566 561 756 623 pulchra
785 563 845 609 est
865 560 1009 609 Fabio
1035 581 1044 608 z
1070 563 1339 624 peperitque
1358 561 1556 610 sedendo

285 628 466 677 Omnia
492 631 725 676 cun8tator
744 627 888 675 nobis.
909 627 1016 675 Nec
1034 628 1177 692 Mago
1191 666 1202 687 ,
1222 645 1308 675 nec
1329 629 1532 676 Hannon
1551 668 1564 690 ,

285 695 392 742 Nec
408 693 617 759 Gisgone
640 694 754 742 satus
774 735 785 754 ,
811 712 898 742 nee
920 693 1178 755 Amilcare,
1195 708 1321 760 terga
1340 695 1583 756 dediffent‚

150 782 245 822 710
279 762 326 809 Si
346 762 503 827 segnes
525 761 681 808 clauso
702 761 981 809 traheremus
1007 760 1168 822 proelia
1185 762 1335 813 vallo.

281 827 551 878 Sidoniusne
572 845 686 889 puer
704 868 716 890 ‚
741 827 821 877 vix
846 828 1122 890 pubescente
1145 827 1328 888 juventii
1348 868 1361 890 ‚

278 898 530 945 Laurentes
553 896 697 957 potuit
716 896 910 958 populos
931 935 941 954 ,
972 901 1012 942 &
1035 894 1186 942 Tro'ia
1207 895 1328 943 adire

280 964 477 1022 Moenia,
495 962 831 1026 flaventetnque
849 962 972 1009 sacro
994 979 1100 1009 cum
1122 962 1301 1028 gurgite
1321 959 1579 1026 Thybrim?

278 1032 337 1079 Es:
359 1028 504 1093 potuit
525 1029 709 1077 Latium
728 1031 869 1096 longo
895 1029 1139 1091 deposcere
1161 1030 1311 1077 bello?

144 1117 236 1162 715
275 1100 377 1148 Nos
395 1097 549 1160 Libyae
570 1097 694 1144 terri5
714 1097 960 1144 tramittere
989 1096 1112 1162 figna
1138 1096 1339 1160 pigebit?

274 1165 334 1215 Et
358 1164 524 1228 Tyrias
542 1165 712 1230 agitare
733 1164 921 1211 domos?
944 1163 1098 1211 secura
1114 1164 1278 1226 pericli

273 1233 432 1281 Litora
451 1231 540 1278 lata
561 1245 717 1294 patent
733 1270 746 1292 ‚
770 1237 811 1279 &
838 1230 990 1293 opima
1012 1248 1126 1291 pace
1148 1230 1301 1294 quieta

274 1300 372 1348 Stat
398 1298 550 1348 tellus,
576 1297 766 1345 Timeat
787 1297 973 1345 tandem
995 1297 1229 1364 Carthago
1247 1337 1259 1358 ‚
1287 1296 1438 1346 timeri

275 1367 480 1416 Adsueta
503 1385 513 1412 :
539 1369 578 1413 &
598 1364 727 1413 nobis
745 1404 756 1425 ‚
774 1364 982 1429 quamvis
997 1367 1211 1413 OEnotria
1233 1366 1438 1413 nondum

138 1455 234 1495 720
270 1433 538 1482 Hannibale
558 1450 665 1481 arva
692 1447 859 1482 vacent
874 1471 888 1493 ‚
908 1430 1129 1494 superesse
1150 1432 1378 1500 intelligat
1396 1449 1537 1481 arma.

326 1501 465 1549 Illum
483 1517 586 1566 ego,
603 1515 741 1564 quem
758 1499 936 1548 vosmet
958 1498 1093 1560 cauti,
1114 1500 1409 1566 consultaque
1427 1500 1572 1552 vestra

267 1573 316 1618 In
340 1568 475 1617 Latio
495 1568 650 1616 fecere
673 1567 828 1615 senem
843 1607 854 1627 ‚
878 1566 952 1615 cui
973 1566 1100 1614 tertia
1117 1568 1245 1635 large
1381 1565 1391 1576 ’

266 1635 498 1686 Fundenti
516 1636 714 1683 nostrum
735 1635 960 1683 ducuntur
979 1636 1108 1682 lustra
1129 1653 1337 1684 cruorem
1354 1673 1367 1696 ‚

266 1705 407 1751 Illum
421 1720 508 1769 ego
523 1743 534 1761 ,
547 1701 603 1749 ad
623 1702 826 1749 incensas
839 1701 1140 1766 trepidantem
1153 1709 1194 1751 &
1210 1703 1304 1751 sera
1318 1714 1563 1766 paventem

135 1789 227 1834 725
267 1771 490 1820 Avertam
508 1768 666 1817 Patriae
686 1768 826 1817 sedes.
852 1768 926 1816 An
947 1770 1095 1816 Roma
1111 1769 1285 1818 videbit

265 1836 443 1900 Turpia
462 1837 717 1901 Agenoreae
736 1834 874 1883 muris
894 1836 1080 1901 vestigia
1098 1835 1293 1885 dextrae?

266 1904 499 1968 Carthago
519 1902 733 1950 immunis
753 1903 923 1955 nostros
945 1904 1100 1951 secura
1118 1903 1298 1952 labores
1363 1963 1365 1967 ἲ

267 1971 437 2019 Audiat
453 1971 623 2018 interea
641 2009 653 2028 ,
677 1975 719 2017 &
740 1970 877 2032 portis
893 1970 1074 2019 bellat-it
1092 1970 1284 2033 apertis?

263 2040 393 2087 Tum
413 2036 527 2087 verb
548 2036 694 2098 pulset
712 2037 876 2083 nostras
895 2037 1059 2085 iterum
1083 2037 1317 2100 improbus
1333 2038 1465 2088 hostie

125 2126 226 2174 730
263 2106 419 2155 Ariete
439 2103 627 2153 Sidonio
647 2117 812 2163 turres,
833 2103 863 2151 fi
885 2105 1058 2166 templa
1079 2104 1263 2153 suorum

262 2175 377 2223 Non
395 2186 499 2220 ante
514 2170 704 2219 audierit
717 2170 897 2218 Rutulis
916 2172 1182 2234 crepitantia
1210 2173 1422 2224 flammiS.

323 2239 523 2288 Talibus
545 2237 721 2286 accenfi
737 2238 889 2286 Patres
909 2279 922 2300 ,
940 2236 1126 2303 fatoque
1142 2255 1338 2288 vocante
1354 2279 1367 2300 ‚

260 2305 472 2357 Consulis
490 2320 747 2354 annuerunt
769 2305 916 2367 dietis,
940 2306 1223 2370 faustumque
1248 2307 1420 2369 precati

254 2375 309 2431 U
312 2390 328 2426 t
346 2374 466 2429 foret
481 2372 693 2425 Ausoniae
702 2411 714 2435 ‚
735 2373 984 2422 tramittere
998 2374 1122 2429 bella
1137 2374 1374 2427 dederunt·

762 2520 902 2636 ἦ

1431 1211 1470 1242 cc

1389 2743 1546 2812 *DE
