1653 3056
207 197 315 249 114
579 174 1346 235 S1L111TAL1C1‘

337 271 485 320 Nulla
503 271 601 321 viro
630 271 824 336 species,
851 273 1115 337 decorisque
1150 278 1190 322 δι
1213 272 1373 323 frontis
1403 291 1602 343 egenum

205 358 293 408 305
335 340 515 401 Corpus
537 358 549 401 3
573 339 616 388 in
636 340 810 406 exiguis
831 342 964 408 vigor
981 350 998 404 (
1017 340 1310 400 admirabile)
1328 345 1546 394 membris

332 406 526 456 Vividus
541 446 553 467 ,
575 413 615 455 &
637 407 734 455 nisu
756 426 946 475 magnos
965 408 1040 472 qui
1057 409 1263 458 vinceret
1286 411 1420 458 artus.

327 472 437 526 Jam
463 474 660 522 Martem
691 493 849 542 regere
865 515 876 536 ‚
900 491 1035 540 atque
1056 477 1167 524 astus
1186 476 1436 543 adjungere
1457 478 1578 528 ferro
1597 518 1613 541 ‚
1636 479 1643 484 ”

327 541 385 589 Et
410 541 545 589 durus
567 542 751 590 facilem
772 562 852 607 per
870 543 1094 606 inhospita
1113 543 1279 592 ducere
1303 546 1461 596 vitam.

331 608 474 656 Haud
494 608 555 656 iffi
573 649 583 669 ‚
609 627 747 674 quem
771 629 892 659 nunc
916 629 1055 674 penes
1077 611 1135 658 est
1157 610 1351 660 sollertia
1372 613 1505 674 belli,

195 695 217 744 3
238 695 288 726 to
324 676 524 724 Cederet
547 676 816 726 Hannibali.
841 678 1029 738 Vellem
1057 676 1202 738 hunc,
1229 696 1255 725 o
1277 687 1285 726 Ε
1315 680 1448 728 tristia
1469 681 1599 731 nobie

310 743 543 810 ·Taygeta
561 785 572 805 ‚
601 745 725 792 hunc
745 762 890 792 unum
917 762 1009 793 non
1033 745 1261 793 duraffetis
1290 747 1443 812 opacis

325 810 504 859 Eurotae
526 810 645 874 ripis,
667 811 890 861 Vidiffem
913 811 1081 860 moenia
1103 812 1300 861 fiammis

325 877 562 927 Phoenissae
586 896 717 927 ruere
736 919 747 941 ,
777 895 852 929 aut
875 894 998 928 certe
1024 897 1116 927 non
1139 880 1318 928 horrida
1345 879 1438 929 fata

322 945 568 994 Fleviffem
591 945 714 995 ducis
735 967 747 997 τ
773 962 840 1009 at,
863 945 989 995 nulla
1011 965 1124 1012 quos
1145 962 1292 995 morte
1310 987 1322 1008 ‚
1349 964 1434 997 nec
1460 946 1558 1016 igni

194 1032 285 1081 315
324 1012 524 1073 Ermum,
549 1013 728 1062 servans
750 1017 944 1077 portabo
970 1014 1014 1063 in
1038 1029 1199 1062 tartara
1220 1014 1379 1065 lu8tu5.

389 1080 621 1129 Consertae
649 1081 821 1145 eampis
847 1083 992 1143 acies,
1014 1081 1275 1144 multusque
1299 1099 1381 1143 per
1402 1099 1508 1132 arva

321 1145 547 1197 Fervebat
568 1147 780 1212 Mavors;
802 1166 890 1198 nec
909 1166 1038 1198 mens
1059 1162 1151 1196 erat
1169 1149 1265 1196 ulla
1289 1147 1379 1196 fine
1398 1149 1478 1198 ira.

318 1212 418 1263 Hie
439 1213 556 1263 inter
578 1214 755 1263 medios
776 1214 1085 1264 memorandis
1110 1214 1319 1281 Regulus
1343 1215 1460 1266 aulis

320 1279 530 1329 Laxabat
546 1281 668 1329 serto
688 1299 904 1346 campum
920 1322 932 1343 ,
958 1299 1012 1330 ac
1032 1298 1114 1344 per
1131 1282 1221 1328 tela
1239 1282 1401 1330 ruebat
1414 1321 1428 1345 ,

188 1364 281 1414 320
317 1346 426 1395 Nec
449 1347 698 1410 repetenda
718 1348 854 1397 dabat
871 1348 996 1397 letali
1015 1348 1206 1397 vulnera
1227 1346 1403 1396 dextra.

316 1411 395 1462 Sic
413 1414 492 1463 ubi
509 1414 767 1481 nigrantem
784 1429 1001 1481 torquens
1018 1413 1302 1463 stridentibus
1323 1413 1495 1464 Austris

316 1479 473 1530 Portat
495 1485 627 1529 turbo
648 1482 865 1548 globum,
887 1482 1109 1545 piceaque
1128 1498 1155 1529 e
1173 1481 1296 1528 nube
1315 1481 1499 1531 ruinam

313 1545 600 1596 Pendentem
617 1548 744 1597 terris
762 1548 926 1612 pariter
945 1561 1180 1611 pontoque
1200 1546 1426 1611 minatur3

316 1611 491 1662 Omnis
509 1621 551 1663 &
569 1615 773 1681 agricola
791 1654 803 1676 ,
830 1620 872 1663 &
893 1613 1134 1662 nemoroso
1154 1614 1329 1662 vertice
1349 1615 1519 1678 pastor,

182 1696 206 1744 3
221 1694 274 1740 25
313 1679 371 1727 Et
395 1681 561 1747 pelago
583 1681 780 1745 trepidat
798 1680 1024 1730 subdufiis
1045 1679 1197 1729 navita
1213 1679 1342 1730 veliS.

311 1744 376 1793 At
396 1746 608 1796 fraudem
627 1749 834 1811 nebiens,
856 1747 1000 1797 socios
1016 1746 1096 1796 ubi
1118 1763 1326 1797 concava
1348 1745 1455 1797 saxa
1488 1783 1491 1786 >

314 1812 606 1862 Claudebant
621 1855 633 1877 ‚
655 1815 818 1873 vertit,
842 1815 986 1864 subito
1014 1812 1263 1863 certamine
1279 1853 1292 1874 ,
1318 1813 1520 1880 Graiu53

307 1879 368 1927 Et
391 1880 466 1928 dat
493 1894 621 1948 terga
645 1882 768 1930 celer
793 1882 894 1930 Ηᾶἓ
915 1880 1161 1931 formidine
1183 1880 1355 1929 dustor.

288 2008 293 2014 .
310 1946 454 1995 Haud
471 1949 597 1997 secus
619 1965 700 2009 ae,
723 1949 902 1997 stabulis
922 1963 1172 2013 procurans
1190 1947 1279 1995 otia
1294 1987 1306 2009 ,
1324 1950 1470 2010 pastor

179 2029 273 2078 330
309 2014 362 2061 In
388 2014 576 2064 foveam
597 2033 731 2081 parco
752 2018 920 2065 teRam
940 2014 1170 2064 velamine
1192 2014 1368 2066 frondis

307 2079 455 2130 Ducit
474 2084 607 2131 nofte
627 2083 760 2146 lupos
780 2084 929 2147 positae
950 2081 1172 2132 balatibus
1193 2097 1339 2148 agnae.

305 2147 521 2211 Abripuit
536 2190 548 2212 ,
572 2150 797 2215 traxitque
817 2154 970 2201 virum
987 2149 1065 2198 fax
1083 2148 1245 2198 mentis
1265 2147 1458 2201 honeslae

301 2215 466 2264 Gloria
486 2255 497 2278 ,
519 2222 561 2266 8<
580 2217 740 2266 incerti
758 2218 901 2267 fallax
921 2216 1089 2265 fiducia
1112 2215 1293 2267 Martis,

370 2282 484 2332 Non
520 2283 664 2333 socios
678 2324 689 2345 ‚
726 2285 1010 2336 comitumve
1048 2291 1236 2346 manus,
1275 2302 1368 2335 non
1400 2301 1524 2336 arma
1546 2287 1616 2335 se-

570 2351 740 2416 quentfi
750 2371 796 2400 m

173 2433 262 2485 335
303 2414 578 2479 Respicere3
598 2418 753 2467 insano
773 2436 935 2487 pugnae
957 2418 1172 2467 tendebat
1193 2435 1351 2467 amore

303 2481 333 2535 J
339 2501 414 2530 am
436 2482 581 2532 solus:
606 2487 748 2534 nubes
769 2486 915 2535 subito
934 2503 1075 2550 quum
1097 2484 1233 2533 densa
1253 2485 1500 2535 Laconum

300 2549 477 2597 Saxosis
497 2551 678 2599 latebris
703 2552 875 2602 intento
898 2554 954 2600 ad
979 2551 1137 2615 proelia
1160 2552 1337 2601 circum

302 2617 554 2677 Funditur,
576 2624 616 2666 ὃς
641 2619 782 2668 Poena
801 2619 986 2686 insurgit
1011 2621 1079 2669 vis
1100 2619 1213 2669 saeva
1235 2621 1456 2670 virorum.

301 2682 352 2735 O
376 2684 518 2736 diram
535 2685 671 2738 Latio
688 2687 845 2739 lucem
864 2728 877 2752 ,
903 2686 1112 2754 fastisque
1131 2686 1405 2739 notandam}
