1627 3056
533 90 1043 152 LtssER·X.
1411 120 1516 177 199

192 191 391 240 Cessit-it
412 208 578 240 canere
603 231 614 252 ,
650 198 692 240 &
719 191 943 241 Varronis
973 192 1120 239 sistere
1153 193 1325 243 menti:

196 262 360 324 thue
405 260 530 307 diem
566 260 690 309 hunc
734 260 909 324 quoties
946 259 1259 324 nequidquam
1307 265 1519 316 averterit

394 327 518 376 Urbi
542 346 552 375 τ
1236 373 1238 375 ,

199 394 356 459 Atque
383 395 506 443 idem
540 407 735 459 quantus
763 393 942 444 dextra.
968 393 1059 441 Sed
1085 410 1192 443 cura
1215 394 1358 445 futuri

67 479 164 522 410
201 462 333 526 Quos
354 463 520 525 premit
537 502 548 522 ,
578 478 655 510 aut
677 461 809 512 fossas
836 463 996 511 instant
1015 461 1278 525 praeducere
1302 464 1469 528 muris,

198 529 297 578 Aut
327 547 560 593 portarum
585 529 729 579 aditus
745 569 758 591 ,
785 547 834 579 ut
862 547 1016 578 rerum
1040 530 1100 578 est
1123 531 1258 593 copia
1275 571 1286 591 ‚
1310 531 1519 586 firmant.

198 597 400 662 Quaque
428 613 554 661 patet
579 616 769 662 campus
791 597 940 662 planis
963 596 1230 664 ingreffibus
1253 598 1366 648 hosti
1389 641 1400 662 ‚

205 665 470 714 Cervorum
504 666 714 715 ambustis
738 665 977 714 imitantur
1009 682 1183 714 cornua
1210 667 1345 715 ramis
1367 686 1383 730 ;

202 733 261 782 Et
291 734 393 781 filus
429 734 655 783 occulitur
676 773 688 795 ,
723 751 896 784 caecum
917 733 965 781 in
991 733 1177 800 vestigia
1210 735 1373 783 telum.

67 811 160 858 415
266 801 392 851 Ecce
415 842 426 862 ‚
458 802 589 866 super
620 802 776 851 clades
796 843 808 864 ‚
837 808 878 850 δι
900 819 994 849 non
1016 801 1293 851 medicabile
1320 803 1485 852 vulnus
1503 844 1520 868 ,

180 868 440 935 Reliquias
469 869 616 932 belli,
643 882 778 935 atque
807 869 1050 933 imperdita
1081 887 1274 932 corpora
1300 870 1451 919 Poenis

200 938 351 1000 Impia
376 938 577 987 formido
600 978 612 998 ‚
649 956 703 986 ac
729 938 876 1002 major
902 937 1096 1004 jastabat
1123 937 1334 1002 Erinnys.

201 1004 354 1053 Trans
374 1025 527 1072 aequor
549 1045 562 1067 ‚
586 1005 756 1070 Tyrios
777 1006 904 1055 enses
924 1044 936 1066 ‚
971 1019 1109 1070 atque
1138 1023 1264 1054 arma
1292 1007 1518 1068 parabant
1578 1011 1581 1012 ⁷

200 1072 374 1122 Punica
392 1113 405 1136 ,
427 1080 470 1123 &
492 1075 809 1123 Hannibalem
830 1088 1005 1121 mutato
1033 1073 1228 1123 evadere
1251 1074 1388 1124 coelo·

71 1164 166 1204 420
201 1140 316 1190 Dux
342 1156 436 1190 erat
463 1160 521 1190 ex
549 1141 628 1190 illo
659 1142 862 1190 colleffls
896 1141 1048 1189 Marte
1079 1141 1298 1190 Metellus
1320 1181 1333 1204 ,

202 1208 294 1257 Sed
320 1208 453 1274 stirpe
485 1209 606 1258 haud
627 1212 757 1274 parvi
786 1208 1089 1277 cognominis.
1120 1210 1164 1257 Is
1196 1210 1318 1258 mala
1348 1209 1473 1258 bello

203 1277 416 1339 Pectora,
438 1278 806 1345 degeneremque
828 1295 1020 1325 manum
1039 1277 1099 1326 ad
1114 1277 1338 1325 deformia
1356 1281 1522 1344 agebat

206 1349 458 1412 Consulta3
480 1363 615 1413 atque
637 1346 725 1395 alio
745 1346 907 1410 politas
928 1346 1154 1409 spe&abat
1169 1344 1216 1392 in
1243 1348 1352 1393 orbe
1370 1384 1384 1407 ‚

208 1417 328 1483 Quis
353 1416 446 1464 sese
471 1415 765 1476 occulerent,
793 1430 963 1476 terras;
996 1412 1088 1478 quo
1112 1412 1299 1461 nomina
1328 1412 1456 1461 nulla

74 1505 167 1552 425
206 1486 457 1536 Poenorum
480 1522 493 1539 ‚
526 1497 604 1532 aut
636 1482 796 1532 Patriae
829 1494 1088 1544 penetraret
1114 1480 1241 1529 fama
1269 1480 1448 1529 renftae.

74 1556 76 1558 ’
271 1554 391 1617 Quae
419 1552 657 1616 postquam
688 1550 867 1613 accepit
894 1549 1124 1597 flammata
1149 1547 1305 1612 Scipio
1338 1564 1490 1597 mente
1506 1586 1522 1609 9

211 1622 425 1686 Quantus
455 1618 700 1667 Sidonium
728 1632 888 1668 contra
906 1655 918 1677 ‚
949 1617 1049 1666 fera
1077 1615 1240 1680 proelia
1262 1617 1487 1677 miscens,

208 1690 470 1738 Du&orem
496 1685 611 1735 stetit
639 1685 686 1735 in
715 1685 891 1749 campis
912 1723 924 1745 ,
957 1684 1074 1747 rapit
1103 1682 1226 1732 ocius
1253 1685 1407 1731 ensem
1426 1724 1438 1745 ,

209 1757 367 1823 Atque
388 1796 403 1819 ‚
435 1754 516 1803 ubi
547 1768 678 1819 turpe
705 1754 881 1803 malurn
904 1791 915 1813 ,
948 1751 1175 1817 Latioque
1202 1765 1409 1802 extrema
1441 1764 1522 1801 coa

413 1825 616 1889 quebant

79 1914 176 1964 430
210 1894 380 1958 Coepta
410 1891 526 1952 viri,
550 1888 692 1952 ruptis
720 1886 898 1937 foribus
929 1885 1022 1936 sese
1053 1886 1218 1935 arduus
1247 1885 1411 1935 infert:

210 1962 357 2024 Tum,
375 1959 581 2026 quatiens
593 1956 790 2007 strictum
803 1973 912 2005 cum
925 1971 1042 2004 voce
1057 1969 1160 2003 ante
1176 1972 1252 2002 ora
1267 1953 1519 2016 paventum

211 2031 494 2081 Mucronem
507 2067 519 2090 ‚
543 2024 748 2088 Tarpeia
765 2062 779 2085 ‚
798 2023 933 2072 Pater
949 2061 962 2084 ,
986 2021 1063 2087 qui
1083 2022 1255 2085 templa
1275 2021 1523 2071 secundam

213 2090 386 2147 Incolis
415 2115 441 2145 a
470 2095 590 2145 coelo
612 2093 801 2154 sedem3
832 2096 875 2139 &
907 2089 1119 2139 Saturnia
1137 2089 1345 2138 nondum

215 2166 388 2215 Italicis
416 2176 590 2214 mutata
613 2159 775 2221 malis;
801 2174 942 2223 tuque
969 2157 1130 2220 aspera
1156 2158 1314 2222 pectus

82 2252 177 2304 435
216 2234 384 2302 AEgide
420 2232 700 2299 Gorgoneos
732 2226 863 2294 virgo
899 2226 1128 2276 succinsta
1159 2225 1361 2285 furores,

218 2300 540 2369 Indigetesque
564 2295 683 2356 Dei,
701 2293 868 2359 sponte
883 2336 896 2358 ,
923 2312 980 2344 en
999 2334 1011 2355 ,
1035 2311 1118 2358 per
1137 2292 1328 2343 numina
1346 2289 1494 2340 vestra

220 2370 399 2435 Perque
431 2380 569 2431 caput
593 2363 722 2413 nullo
754 2361 900 2413 levius
921 2362 1035 2412 mihi
1063 2362 1253 2410 nomine
1285 2359 1423 2422 patris

219 2435 513 2505 Magnanimi
539 2435 668 2500 jur0,
697 2450 940 2499 nunquam
968 2429 1166 2481 Lavinia
1196 2444 1340 2496 regna
1444 2492 1458 2504 ⁹

219 2506 453 2570 Linquam
476 2543 487 2563 ,
517 2521 607 2553 nec
635 2503 782 2566 linqui
808 2500 951 2565 patiar
974 2540 986 2562 ,
1009 2499 1120 2547 dum
1145 2496 1242 2547 vita
1271 2493 1494 2544 manebit.

89 2591 184 2638 '440
220 2573 402 2636 Ocius,
428 2589 487 2621 en
519 2573 678 2622 testare
709 2570 839 2619 Deos
859 2608 872 2630 ,
903 2567 933 2617 fi
965 2566 1137 2616 moenia
1159 2561 1282 2615 taeclis

219 2640 505 2712 Flagrabunt
527 2637 722 2712 Libycis
741 2677 755 2702 ,
785 2635 934 2688 nullas
958 2649 1002 2689 te
1023 2635 1144 2685 ferre
1159 2673 1174 2698 ‚
1209 2627 1404 2748 Ἆζίῗείῑὲε
1422 2663 1440 2687 ,
