1653 3056
202 151 276 212 90
524 137 1268 207 S11.111TAL1C1

333 232 529 283 Metitur
548 236 699 303 stagna
719 238 903 288 Eridani
925 241 1015 289 fine
1038 242 1197 292 funere
1218 260 1367 295 natus.

400 302 519 350 Haec
537 304 614 351 fibi
635 305 845 370 quisque:
862 308 936 356 sed
950 310 1010 357 est
1024 311 1220 359 vestrum
1237 314 1309 363 cui
1322 315 1448 365 nulla
1468 316 1633 370 doloris

332 367 501 418 Privati
527 371 672 419 rabies
688 412 700 433 ‚
724 373 760 422 is
785 374 897 423 verb
922 375 1124 443 ingentia
1146 377 1290 428 sumat

332 435 371 483 E
393 436 570 498 mediO,
590 438 768 489 fodiant
787 461 882 506 quae
905 461 1093 511 magnas
1111 449 1266 509 pectus
1281 448 1326 496 in
1346 447 1460 514 iras3

204 507 294 549 160
328 502 577 553 perfractas
598 506 767 571 Alpes,
795 509 1057 575 passimque
1078 513 1263 562 infanda
1284 516 1537 584 Saguntum
1555 561 1569 583 ‚

329 570 554 636 Quosque
580 575 707 623 nefas
730 578 856 626 vetiti
878 580 1192 629 transcendere
1210 600 1380 632 nomen
1401 587 1548 649 Iberi,

328 636 648 704 Tangerejam
660 642 906 707 Thybrim.
921 644 1047 695 Nam
1060 647 1167 696 dum
1181 667 1263 700 vos
1275 668 1420 718 augur
1431 694 1445 716 ,
1459 661 1500 704 ὃ(
1515 655 1629 704 extis

327 704 537 767 Quaefitae
557 708 679 756 fibrae
700 749 712 770 ‚
733 712 965 775 vanusque
984 731 1185 764 moratur
1203 719 1393 780 aruspex
1412 760 1424 781 ‚

326 772 486 820 Solum
512 773 605 838 jam
634 776 826 839 superest
847 778 1048 841 Tarpeio
1081 783 1318 845 imponere
1341 788 1493 835 castra.

199 853 218 885 1
232 841 286 898 65
391 839 623 889 Turbidus
641 843 738 892 haec
754 882 770 903 ,
790 846 980 910 visoque
1000 849 1125 896 aretis
1146 852 1191 898 in
1213 852 1413 901 millibus
1428 854 1548 903 Afro

321 905 553 956 Bellatore
571 908 699 972 iubas
719 927 896 976 aptante
916 934 925 961 :
947 931 1004 961 en
1024 957 1037 977 ,
1060 916 1260 978 Orphite
1277 958 1290 978 ,
1311 938 1476 969 munus
1492 961 1504 982 ‚

326 971 401 1020 Est
418 1014 429 1034 ‚
451 975 540 1034 ait,
564 976 654 1024 hoc
673 994 843 1028 certare
863 994 991 1028 tuum
1015 1002 1024 1029 :
1048 983 1146 1052 quis
1167 987 1319 1047 opima
1337 988 1513 1041 volenti

327 1039 468 1088 Dona
489 1041 598 1093 =lovi
617 1060 766 1106 portet
783 1046 949 1095 feretro
968 1048 1174 1112 suspensa
1195 1066 1410 1104 cruento?

325 1105 454 1155 Nam
481 1125 562 1157 cur
585 1109 681 1158 haee
708 1113 793 1160 alifi
819 1115 1018 1176 pariatur
1039 1118 1185 1183 gloria
1208 1119 1390 1169 dextr-2⁶1?

195 1187 283 1230 170
319 1171 449 1222 Hinc
466 1179 708 1238 praeveffim
723 1197 866 1243 equo.
889 1184 1123 1246 postquam
1149 1185 1265 1234 inter
1288 1189 1446 1249 proelia
1463 1204 1622 1241 notam

321 1239 520 1304 Accepit
537 1261 726 1307 vocem,
751 1249 911 1306 procul
928 1249 1035 1298 hinc
1054 1267 1099 1298 te
1117 1251 1334 1316 Martius,
1356 1254 1529 1320 inquit,

320 1306 543 1356 Murrane
565 1348 577 1369 ‚
597 1312 784 1360 ostendit
803 1315 979 1362 clamor
998 1354 1009 1374 ‚
1030 1317 1258 1382 videoque
1275 1320 1505 1371 furentem

321 1371 350 1424 J
357 1392 432 1421 am
449 1374 595 1440 Tyrizi
616 1391 659 1425 te
682 1379 805 1427 caede
826 1400 835 1428 :
853 1381 977 1430 venit
994 1384 1091 1431 laus
1113 1395 1306 1449 quanta!
1327 1388 1403 1437 sed
1418 1429 1430 1450 ,
1456 1407 1536 1438 oro
1551 1428 1567 1452 ,

321 1439 440 1490 Haec
456 1444 639 1509 angusta
659 1445 752 1493 loci
769 1446 887 1496 ferro
906 1449 1130 1511 patefacta
1149 1452 1319 1503 relaxa.

191 1517 278 1566 175
382 1507 508 1556 Tum
530 1511 717 1560 Soraffle
735 1513 880 1563 satum
897 1517 1175 1577 praestantem
1193 1536 1409 1583 corpore,
1424 1526 1467 1570 δε
1484 1522 1621 1579 armis

317 1572 578 1638 AEquanum
601 1579 791 1628 noscens
810 1583 830 1643 (
849 1582 994 1644 patrio
1017 1583 1091 1633 cui
1114 1584 1223 1632 ritus
1244 1585 1290 1635 in
1314 1604 1423 1637 arvo
1438 1628 1451 1649 ‚

315 1639 482 1701 Quum
501 1643 600 1706 pius
620 1646 873 1695 arcitenens
892 1650 1087 1699 accenfis
1106 1652 1272 1718 gaudet
1290 1656 1462 1705 acervis
1477 1692 1493 1718 ,

315 1706 434 1755 Exta
456 1724 524 1758 ter
542 1710 763 1761 innocuos
779 1715 880 1763 laeto
899 1730 1079 1778 portare
1100 1736 1182 1780 per
1204 1719 1334 1787 ignes
1352 1756 1368 1780 ‚
1393 1726 1412 1783 )

314 1773 394 1821 Sic
420 1775 464 1823 in
490 1775 737 1841 Apolline&
768 1781 948 1845 semper
972 1785 1159 1852 vestigia
1185 1786 1325 1853 prun&

178 1850 207 1887 β
219 1837 276 1883 80
294 1841 538 1891 inviolata
562 1859 676 1894 teras
691 1887 703 1909 ,
719 1847 952 1914 vi6³corque
977 1852 1160 1915 vaporis
1173 1893 1185 1912 ,
1203 1854 1258 1902 ad
1284 1871 1383 1903 aras

307 1907 450 1958 Dona
475 1911 676 1961 serenato
702 1915 873 1964 referas
899 1917 1136 1968 sollemnia
1154 1920 1348 1971 Phoebo.

310 1974 545 2040 Concipe,
566 1980 647 2040 ait,
669 1982 860 2048 dignum
879 1984 979 2033 fatis
995 2025 1006 2047 ‚
1025 1985 1238 2050 AEquane
1252 2028 1264 2049 ,
1279 1989 1484 2040 furorem
1500 2029 1515 2052 ‚

306 2042 669 2112 Muneribusque
693 2050 807 2098 tuis:
830 2050 950 2100 socio
976 2067 1020 2100 te
1046 2053 1177 2101 caedis
1192 2091 1206 2114 ‚-
1224 2061 1267 2103 ὃ(
1291 2056 1363 2104 irae
1377 2096 1389 2118 ,

306 2108 420 2161 Non
438 2130 526 2179 ego
547 2115 881 2166 Marmaridum
900 2120 1100 2169 mediam
1116 2137 1358 2184 penetrare
1376 2124 1647 2193 phalangem

167 2190 195 2227 ,ἱ
209 2180 262 2238 85
301 2175 634 2246 Cinyphiaeque
661 2184 823 2251 globos
849 2186 1096 2237 dubitfirim
1124 2189 1376 2254 irrumpere
1400 2206 1575 2245 turmae.

371 2245 479 2295 Nee
491 2247 585 2314 jam
595 2251 712 2299 ultra
724 2253 922 2303 monitus
934 2294 947 2316 ,
961 2261 1003 2304 8<
1014 2257 1156 2307 verba
1167 2258 1392 2311 morantia
1406 2259 1609 2311 Martem

302 2309 444 2362 Ferre
464 2316 588 2365 valet
604 2357 616 2379 ,
635 2318 778 2386 longo
801 2320 1018 2372 AEneadis
1035 2325 1157 2386 quod
1179 2325 1358 2375 flebitur
1376 2345 1473 2378 aevo
1497 2337 1507 2377 1
1579 2340 1583 2342 ’

299 2379 576 2444 Ιῃεῑεριῑέτε
602 2385 732 2434 fimul
758 2388 918 2438 feralia
949 2390 1128 2440 classica
1155 2391 1332 2460 fignum
1353 2435 1367 2456 ,

302 2444 376 2492 Ac
400 2450 508 2499 tuba
533 2452 736 2502 terrificis
754 2455 890 2522 fregit
916 2457 1174 2508 stridoribus
1196 2478 1340 2511 auras,

172 2524 263 2565 190
301 2512 437 2563 Heu!
456 2516 586 2565 dolor
600 2560 610 2580 ‚
628 2520 742 2569 heu!
761 2523 997 2589 lacrymae,
1014 2544 1101 2576 nec
1117 2541 1183 2577 tot
1197 2529 1291 2591 post
1308 2527 1459 2577 secula
1477 2527 1598 2580 {era

366 2580 598 2633 Horresco
616 2601 664 2635 ut
677 2591 907 2650 pendente
925 2593 1074 2656 maIO,
1094 2612 1178 2643 ceu
1199 2595 1355 2645 ductor
1373 2596 1429 2647 acl
1448 2613 1571 2648 arma

298 2645 485 2702 Excitet
502 2650 669 2721 Tyrius
694 2656 949 2711 :latebrosis
967 2658 1160 2713 collibus
1179 2662 1313 2713 Astur
1328 2702 1343 2729 ‚
