1653 3056
424 197 1035 256 L12ERV11.
1366 220 1478 279 147

161 294 385 346 Dividere
403 295 469 343 est
493 294 671 343 licitum
695 306 708 341 ?
730 293 906 358 patiens
927 312 1009 343 cut
1027 309 1156 342 arma
1176 292 1360 357 dedisti,

28 383 123 427 740
160 365 278 428 Quae
307 363 424 412 solus
448 362 606 411 rexisse
631 363 788 412 vales?
817 362 909 410 hoc
930 379 1123 411 munere
1147 362 1256 425 lapsi

162 431 377 480 AEternas
391 469 404 492 ,
426 430 573 478 multo
603 447 713 479 curn
740 429 962 498 sanguine
979 470 991 491 ‚
1014 430 1216 480 vidimus
1240 431 1446 483 umbras.

164 499 315 548 Oeifls
335 499 428 546 huc
450 497 647 563 aquilas,
674 497 942 563 sttvataque
969 498 1094 566 figna
1114 497 1297 547 referte.

162 567 262 616 Hie
280 565 429 615 Patria
449 568 509 614 est
532 587 542 614 ε
567 566 777 631 murique
797 566 943 616 Urbis
963 567 1076 615 stant
1094 567 1276 630 pestooe
1297 565 1345 614 in
1364 582 1478 616 uno.

159 634 333 700 Tuque
348 635 477 682 dolos
489 673 502 696 ,
519 634 659 683 Poene
673 675 685 696 ‚
701 648 836 699 atque
854 635 965 683 astus
980 634 1169 683 tandem
1185 651 1301 683 exue
1315 648 1447 683 notos
1464 654 1479 684 :

27 719 119 764 745
161 703 285 752 Cum
311 702 408 751 solo
433 702 516 750 tibi
541 702 635 765 jam
657 701 804 751 Fabio
833 701 935 750 sunt
955 703 1078 751 bella
1099 703 1317 769 gerenda.

229 771 347 819 Haec
362 769 442 817 ubi
463 769 575 817 dic‘ta
597 769 746 829 dedit,
760 769 887 818 mille
906 769 1016 819 hinc
1038 771 1324 831 (venerabile
1344 768 1481 836 viffi)

161 838 347 902 Cespite
368 838 424 886 de
445 837 577 886 viridi
600 837 789 904 surgunt
811 837 1121 902 properantitxs
1140 856 1242 887 arae.

163 906 273 955 Nee
294 905 440 969 prffls,
464 919 540 953 aut
563 906 747 968 epulas,
773 919 849 954 aut
870 923 1063 954 munera
1083 920 1210 972 grata
1229 905 1385 971 Lyaei,

167 972 255 1021 Fas
276 973 493 1038 cuiquam
515 971 705 1040 tetigisse
730 972 819 1022 fuit
836 1012 848 1030 ,
870 972 1009 1038 quam
1024 1013 1036 1034 ,
1064 974 1210 1022 multa
1233 989 1473 1037 precatus,

33 1057 59 1100 'e'
73 1057 128 1100 50
169 1042 221 1091 In
246 1041 456 1094 mensam
476 1039 621 1093 Fabio
641 1041 824 1092 sacrum
845 1041 1008 1094 libavit
1030 1041 1273 1093 honorem.

1095 2803 1204 2874 Gii
