1653 3056
186 152 261 227 98
528 147 1268 208 S1L111TAL101

327 241 436 307 Qua
461 244 586 292 nasci
609 244 782 293 ferrum
806 245 1005 313 fulgenti
1031 247 1216 310 cuspide
1242 246 1420 312 cernit3

324 310 497 359 Donec
516 352 529 374 ,
554 312 836 365 abundanter
863 313 1024 362 defuso
1051 314 1270 381 sanguine
1287 353 1297 372 ‚
1318 315 1408 364 late

327 377 576 428 Procubuit
600 380 822 442 moriens,
845 385 887 429 &
910 381 1055 429 telum
1080 382 1283 445 pondere
1306 382 1455 445 preffit
1477 403 1490 432 z

194 462 284 508 455
323 445 515 508 Spiritus
536 448 769 497 exundans
793 448 997 497 vicinum
1022 450 1210 512 pulvere
1235 465 1362 497 moto

321 513 536 563 Perflavit
564 532 780 579 campum
796 556 809 577 ‚
833 521 873 564 &
896 518 1067 564 nubem
1094 516 1291 579 dispertit
1312 517 1358 564 in
1382 534 1524 567 auras,

391 580 498 629 Nec
523 582 675 630 minor
701 583 872 632 interea
891 583 1102 643 tumulis,
1124 584 1350 650 sylvisque
1369 584 1598 636 fremebat

321 648 545 697 Diversus
566 650 755 699 Mavors
769 689 783 712 ‚
803 650 1016 715 variaque
1038 669 1119 714 per
1138 651 1276 700 ardua
1295 656 1450 720 pugna

325 715 387 763 Et
411 715 538 778 saxa,
559 723 601 765 &
626 717 754 766 dumi
779 733 977 766 rorantes
998 718 1119 766 caede
1146 718 1364 769 nitebant.

189 789 287 842 460
321 782 525 831 Exitium
546 784 730 847 trepidis
744 824 756 845 ‚
777 785 948 850 letique
965 823 978 845 ‚
1002 791 1043 833 &
1063 785 1216 852 stragis
1237 789 1411 835 acerbae

322 850 488 898 Caussa
507 851 721 916 Sychaeus
742 867 837 901 erat
859 872 868 901 :
894 852 1170 901 Murranum
1190 852 1269 901 ille
1293 853 1468 902 eminus
1487 853 1608 903 hasta

318 917 583 967 Perculerat
603 938 614 981 3
637 937 729 984 quo
751 937 843 968 non
864 919 1002 981 alius,
1027 937 1169 985 quum
1190 921 1311 969 bella
1335 921 1541 982 silerent,

319 985 516 1034 Dulcius
539 988 770 1054 Oeagrios
791 987 997 1052 pulsabat
1015 987 1192 1050 pectine
1212 1005 1392 1039 nervos,

321 1052 562 1103 Occubuit
582 1054 708 1119 sylva
730 1055 775 1103 in
802 1053 995 1122 magna,
1021 1054 1275 1120 patriosque
1299 1056 1380 1104 sub
1401 1057 1500 1121 ipso

186 1129 279 1180 465
319 1121 541 1184 Quaefivit
557 1138 736 1170 montes
756 1123 848 1170 leto
864 1162 874 1180 ‚
902 1141 955 1170 ac
972 1122 1127 1171 felicia
1153 1122 1338 1171 Baccho

317 1188 528 1253 AEquana
543 1230 555 1250 ‚
578 1196 618 1238 &
644 1190 864 1254 Zephyro
886 1189 1158 1238 Surrentum
1173 1191 1316 1238 molle
1341 1191 1526 1242 salubri.

316 1255 569 1306 Addiderat
590 1257 755 1305 misero
779 1257 997 1305 comitem
1014 1296 1026 1318 ‚
1048 1274 1304 1323 pugnaeque
1325 1257 1493 1307 ferocis

318 1322 565 1372 Gaudebat
585 1324 691 1372 tristi
712 1324 854 1373 νὶἃοι·
879 1324 1078 1373 novitate
1101 1325 1332 1388 Sychaeus·

315 1389 528 1440 Palantes
548 1410 656 1440 nam
679 1392 789 1439 dum
811 1391 1009 1456 sequitur
1023 1430 1036 1452 ‚
1057 1392 1314 1455 pervaserat
1333 1392 1474 1442 altam

186 1475 281 1519 470
318 1460 370 1506 In
395 1458 567 1523 sylvam
584 1500 595 1519 ‚
619 1465 661 1508 &
690 1458 843 1522 priscae
865 1458 1044 1508 reclinis
1064 1461 1120 1506 ab
1143 1458 1301 1507 iffibus
1320 1458 1438 1509 ulmi

320 1526 479 1593 Terga
502 1530 714 1576 tuebatur
737 1542 922 1587 trunco,
942 1526 1191 1591 frustraque
1215 1526 1391 1576 relidios

315 1593 558 1643 Tauranus
580 1593 769 1643 comites
790 1593 1000 1657 suprema
1022 1611 1140 1642 voce
1160 1592 1326 1642 ciebat.

316 1660 563 1729 'l'ransegit
583 1663 826 1728 juvenem,
852 1674 907 1710 ac
925 1660 1131 1725 perfoffis
1151 1660 1293 1708 incita
1314 1659 1533 1709 membris

320 1728 463 1777 Haefit
486 1729 533 1778 in
556 1730 759 1792 opposito
785 1728 932 1792 cuspis
955 1727 1140 1777 Sidonia
1157 1728 1301 1794 ligno.

184 1812 276 1859 475
384 1795 512 1860 Quid
525 1797 683 1846 vobis?
701 1815 909 1861 quaenam
925 1796 991 1844 ira
1003 1794 1162 1844 Deum
1176 1834 1188 1856 ‚
1200 1796 1277 1844 vel
1295 1807 1447 1843 mente
1464 1792 1628 1842 sinistra

181 1859 186 1864 ”
317 1863 439 1927 Quae
465 1864 580 1913 sedit
600 1864 798 1914 formido
817 1904 829 1927 ,
854 1863 972 1913 viri?
997 1864 1075 1928 qui
1098 1863 1248 1911 Marte
1272 1861 1427 1929 relicto

321 1932 579 1980 Ramorum
600 1932 803 1996 quaesistis
825 1950 986 1995 opem:
1009 1949 1100 1978 non
1122 1947 1273 1994 aequus
1293 1930 1340 1978 in
1361 1928 1466 1979 artis

316 1999 554 2048 Nimirum
575 2003 707 2048 rebus
727 1999 876 2048 suasor
894 2012 1055 2047 metus,
1077 1998 1242 2064 Arguit
1264 1997 1393 2060 asper

316 2066 474 2115 Exitus
496 2082 662 2117 eventu
686 2067 815 2131 pravi
841 2066 1043 2117 consulta
1066 2064 1254 2114 timoris.

183 2141 280 2195 430
317 2134 507 2183 Annosa
530 2135 733 2185 excelsos
757 2135 972 2183 tendebat
994 2134 1037 2183 in
1061 2133 1225 2182 aethera
1245 2148 1396 2181 ramos

183 2196 190 2203 ”
317 2200 558 2263 AEstulus,
580 2202 848 2251 umbrosum
873 2219 1061 2270 magnas
1082 2200 1212 2263 super
1235 2199 1373 2248 ardua
1398 2197 1548 2262 sylvas

319 2270 537 2318 Nubibus
557 2270 776 2319 insertans
796 2269 897 2318 aitis
916 2284 1077 2333 caput,
1100 2268 1232 2316 instar
1254 2268 1274 2336 ι(
1296 2279 1452 2330 aperto

319 2336 370 2384 Si
391 2338 522 2386 staret
542 2355 707 2401 campo
726 2340 747 2403 )
773 2339 1002 2396 nemoris,
1023 2337 1204 2401 lateque
1225 2337 1410 2382 tenebat

317 2403 539 2453 Frondofi
561 2404 689 2472 nigra
710 2405 925 2454 tellurem
949 2403 1122 2453 roboris
1141 2401 1319 2453 umbra.

183 2478 280 2534 ‘485
386 2471 476 2519 Par
495 2472 621 2536 juxta
643 2489 836 2535 quercus
856 2511 867 2533 ,
895 2473 1085 2539 longum
1107 2470 1268 2519 molita
1290 2487 1372 2534 pet·
1397 2485 1548 2521 aevum

183 2536 190 2541 ¹
321 2538 512 2589 Vei-tice
537 2539 717 2588 canenti
736 2540 940 2603 proferre
961 2541 1040 2588 sub
1062 2540 1169 2589 astra
1189 2554 1413 2587 cacumen
1428 2576 1446 2601 ,

320 2606 522 2656 Diffusas
546 2607 701 2671 patulo
720 2608 903 2656 laxabat
926 2607 1068 2672 stipite
1092 2606 1309 2669 frondes3

322 2673 673 2742 Umbrabatque
701 2674 834 2729 com&
859 2674 1025 2738 summi
1047 2674 1220 2744 fastigia
1248 2671 1452 2751 ‚montisz
