1627 3056
357 154 436 188 IN
494 134 1203 184 Trx'runx.1.13.v11.
1389 148 1438 187 59

180 231 273 268 437.
307 216 392 256 Ide.
421 215 483 253 Sic
511 213 615 253 infra
641 228 678 253 v.
703 221 798 263 465.
827 213 926 251 idem
955 224 1029 264 pro
1053 209 1170 250 Iden.
1197 210 1347 248 Forma
1369 224 1443 250 ve-

127 285 215 319 tus,
249 280 291 311 ut
319 272 362 310 in
388 268 602 309 Claudiam.
632 270 768 308 Senec.
797 265 954 306 Troad.
983 281 991 304 :
1019 278 1104 305 non
1130 264 1270 303 semel.

181 340 275 376 443.
313 324 491 376 corytos.
520 322 664 362 Varios
697 323 827 362 sensus
855 319 950 359 vide
977 321 1019 358 in
1049 320 1230 359 Bernart.
1265 317 1313 357 ad
1344 321 1444 360 Stat.

125 378 198 419 IV.
221 387 294 424 269
333 379 403 416 IX.
428 391 521 425 730.

180 448 275 482 447.
312 431 492 483 Capillos
526 444 741 482 pupureos.
776 428 852 470 Nil
887 427 1138 468 intellectum
1169 427 1232 467 hic
1263 426 1448 477 Heynsio

127 490 167 527 &
189 488 322 526 Drak.
350 486 405 526 1⁰.
426 485 627 527 Referunt
645 498 866 537 purpureos
883 482 931 521 ad
958 483 1147 531 amiHus,·
1168 481 1234 522 secl
1255 483 1450 532 purpurei

127 541 255 580 crines
282 542 371 581 sunt
394 542 438 579 in
461 540 621 579 ovidio
649 553 793 579 ert-cece
817 553 950 577 comet.
976 538 1068 576 Art.
1097 536 1260 577 amand.
1289 551 1329 576 v.
1355 552 1448 583 532..

126 596 276 636 citaute
315 597 362 635 cl.
395 595 644 638 Ruhnkenio
679 594 730 633 ad
768 595 909 644 hymn.
944 591 1235 633 Pseudliomer.
1265 606 1302 631 v.
1340 607 1445 641 177,

129 650 196 688 ubi
227 653 364 699 χαῖται
394 649 532 703 κροκκῖζιν
552 650 640 687 ἄνθει
667 651 793 696 Etenim
838 648 1057 686 Innumera
1088 647 1166 686 alla
1198 660 1283 685 non
1311 645 1443 685 addu-

128 718 232 743 cam.
268 703 329 743 2⁰.
359 702 593 757 Legendum
629 716 713 742 erat
743 701 860 753 vestis
885 702 1061 742 amiffizm
1081 734 1095 749 ,
1132 700 1374 753 pleonastice
1406 714 1449 740 ut

127 758 154 797 l.
186 758 218 797 1.
243 773 284 799 v.
311 766 402 808 673.
430 757 595 810 tegmine
623 757 739 808 mstis
763 770 836 809 pro
864 756 977 807 veste.
1012 755 1072 801 3⁰.
1102 755 1350 810 Religalvat,
1377 768 1449 795 va-

127 812 185 851 let
205 813 267 852 hic
281 813 487 865 solvebat,
511 812 601 859 vel,
629 825 671 851 ut
693 813 733 850 in
756 809 941 857 ovidio,
970 824 1044 849 art.
1073 825 1139 860 531
1160 842 1170 858 ‚
1195 810 1447 863 recingebat,

127 867 323 915 laxabat3
361 881 428 906 aut
463 868 505 905 in
538 867 692 905 Catulli
729 866 901 917 Epithal.
943 865 1058 904 Mall.
1095 864 1254 905 Zorzula
1282 863 1450 918 solvunt

116 922 243 974 finus.
277 921 463 976 Relig-are
492 922 570 960 hoc
606 922 715 961 sensu
741 920 889 960 diserte
913 920 1090 959 occurrit
1120 920 1162 958 in
1190 919 1344 959 Catulli
1371 919 1450 958 Be-

132 977 313 1028 recynth.
348 992 385 1016 v.
422 985 472 1025 84
517 975 730 1029 religatque
758 975 859 1030 juga
891 989 1009 1013 manu
1039 990 1050 1011 .·
1078 973 1190 1026 quod
1222 974 1451 1026 explicatur

129 1044 249 1071 antea
281 1044 382 1070 voce
416 1031 612 1083 resolvens
634 1062 644 1079 ,
681 1045 720 1068 ν.
754 1037 820 1078 76.
853 1028 914 1068 Sic
945 1029 987 1068 in
1020 1028 1187 1068 Catullo
1215 1029 1450 1081 Argonaur.

137 1101 228 1135 ¹74·
258 1085 487 1140 religaffiet,
518 1085 628 1124 valet
653 1085 844 1138 solviffet.
882 1085 974 1123 Nec
1007 1083 1125 1123 aliter
1158 1083 1265 1122 d÷xit
1296 1083 1450 1123 Horat.

130 1141 158 1179 l.
186 1141 240 1179 ΙΙ.
272 1140 341 1181 od.
375 1155 435 1179 11.
467 1140 636 1193 religata
668 1143 811 1179 nodum
841 1153 947 1178 more
977 1152 1098 1178 comae
1130 1138 1324 1178 Iacoerzae.
1352 1138 1450 1177 Jam

132 1194 232 1234 vero
251 1207 272 1235 e
295 1194 440 1248 Virgil.
465 1194 489 1232 l.
512 1195 542 1232 1.
566 1193 648 1233 AEn
687 1209 726 1234 v.
754 1209 854 1240 320,
884 1206 972 1239 323.
996 1207 1105 1245 patet
1126 1193 1167 1232 in
1195 1192 1372 1233 Horatio
1396 1208 1452 1232 re-

130 1248 258 1303 ligare
283 1248 392 1289 idem
424 1247 503 1289 effe
528 1263 571 1288 ac
589 1247 758 1299 solvere.
786 1248 940 1287 Mirum
972 1261 1079 1287 certe
1104 1249 1205 1287 hanc
1227 1261 1369 1287 vocem
1399 1260 1451 1287 eo

130 1306 243 1343 sensu
277 1317 362 1343 non
402 1316 613 1344 occurrere
648 1304 691 1342 in
725 1303 862 1342 Lexic.
893 1304 941 1343 R.
980 1304 1111 1355 Steph.
1151 1302 1287 1341 Birt-ii.
1325 1302 1452 1342 Dixit

131 1358 301 1412 quidem
328 1358 456 1398 ovid.
482 1358 690 1411 irreligata
715 1371 788 1410 pro
804 1357 967 1408 soluta,
996 1358 1022 1395 1.
1049 1371 1080 1395 c.
1111 1356 1178 1396 sed
1201 1370 1285 1396 non
1317 1357 1452 1396 minus

133 1426 263 1452 certus
288 1413 341 1452 est
364 1414 494 1453 sensus
517 1427 635 1466 quem
658 1411 852 1451 defendo.
873 1420 940 1461 40.
966 1411 1122 1450 Frustra
1145 1412 1232 1451 vult
1250 1411 1452 1462 Heynszus

134 1467 224 1518 cesti
246 1481 320 1519 pro
347 1467 476 1518 vestis.
501 1470 567 1507 Sat
592 1466 838 1520 intelligitur
862 1468 941 1512 jam
971 1467 1092 1518 po'e'ta
1120 1467 1246 1506 verbo
1271 1465 1457 1520 religare.

137 1527 200 1568 5⁰.
231 1523 394 1561 lncaute
422 1523 551 1562 Drak.
579 1522 668 1563 vult
695 1535 735 1561 ut
764 1523 899 1560 lienus
928 1520 1111 1572 cingatur
1136 1522 1206 1560 suo
1237 1520 1342 1560 cesto
1367 1538 1375 1559 :
1402 1520 1456 1562 de

135 1591 217 1630 quo
255 1581 424 1616 Homer.
464 1577 574 1616 XIV.
608 1591 699 1625 214.
737 1577 825 1614 Val.
858 1575 964 1614 Flac.
999 1575 1070 1614 Vl.
1100 1589 1193 1625 455·
1230 1576 1305 1629 seq.
1338 1576 1455 1616 Nam

134 1630 305 1670 traditio
342 1631 519 1683 mythica
546 1644 622 1670 nos
655 1630 776 1669 docet
803 1631 910 1669 Deas
941 1643 1020 1668 tres
1045 1629 1144 1683 ipsas
1176 1630 1328 1669 Pastori
1357 1643 1455 1670 om-

134 1699 235 1726 nmo
251 1685 377 1726 nutias
394 1682 574 1739 patuisse.
589 1686 680 1725 Nec
696 1685 808 1725 aliud
825 1684 925 1724 dicit
939 1685 1198 1736 Propertius,
1219 1684 1275 1725 Π.
1289 1684 1401 1739 Eleg.
1417 1699 1457 1727 2·

135 1753 175 1780 v.
207 1754 267 1788 14.

273 1792 421 1833 Cedite
447 1793 524 1841 iam
558 1792 679 1833 Divae
703 1805 798 1845 quas
824 1791 955 1844 pastor
983 1790 1145 1832 viderat
1169 1792 1273 1833 olim

327 1847 445 1888 ldaeis
474 1848 651 1887 tunicam
680 1860 832 1897 ponere
856 1847 1088 1886 verticibus.

133 1903 231 1944 [hm
267 1902 365 1942 vero
399 1915 524 1954 quare
560 1914 662 1940 zona
697 1899 775 1938 sine
808 1901 970 1939 tunica?
1010 1902 1100 1940 Nec
1138 1901 1251 1941 aliud
1288 1903 1460 1943 exhibet

134 1958 337 1998 numisma
353 1957 394 1994 in
412 1957 538 1995 Drak.
559 1968 637 1995 aere
662 1954 845 1993 incisum.
867 1954 963 1993 Alia
980 1956 1094 2007 plura
1117 1956 1278 1996 adferte
1301 1956 1457 2009 possem

135 2027 161 2053 e
185 2011 265 2052 sol-:1
288 2010 451 2050 historici
479 2009 655 2063 Angustia*
682 2008 774 2047 Itali
798 2008 1029 2062 Angeloni‚
1052 2010 1092 2048 in
1112 2024 1191 2062 qua
1215 2012 1353 2051 Venus
1374 2013 1460 2052 vic-

135 2067 217 2107 trix
245 2066 378 2111 nuda,
406 2065 484 2104 fine
513 2063 614 2103 zon&
644 2065 739 2115 saepe
771 2064 973 2109 occurrit,
999 2065 1096 2104 licet
1127 2066 1250 2105 semel
1275 2080 1363 2105 cum
1394 2080 1460 2107 tu-

135 2121 228 2161 nita
245 2152 254 2168 ‚
285 2125 324 2161 ὃς
342 2121 469 2160 cincla
487 2150 496 2166 ,
516 2133 637 2158 manu
663 2131 829 2170 pomum
861 2131 1002 2171 gerens
1019 2150 1028 2166 ,
1055 2120 1324 2173 conspiciatur
1349 2136 1358 2159 :
1387 2120 1459 2162 sed

138 2177 216 2217 hoc
242 2175 409 2227 pudoris
437 2187 535 2227 ergo
565 2173 710 2213 sachun
739 2186 759 2210 a
784 2173 997 2224 sculptore.
1033 2175 1124 2214 Nec
1159 2188 1305 2214 zonam
1337 2176 1462 2216 habet

137 2230 182 2269 in
216 2243 366 2283 magno
406 2241 610 2267 marmore
644 2226 756 2279 quod
790 2226 917 2266 incidi
956 2230 1110 2268 curavit
1145 2230 1463 2271 Drakenborch.

139 2285 349 2327 Arnifflum
386 2282 575 2323 subtilem
604 2281 748 2320 induta
775 2281 937 2323 videtur
965 2282 1087 2322 etiam
1120 2282 1287 2336 pudoris
1314 2285 1461 2332 causa,

140 2338 210 2378 sed
249 2339 305 2377 ita
343 2351 387 2379 ut
425 2335 595 2390 turgidae
635 2350 854 2384 mammae,
894 2337 1157 2390 umbilicique
1184 2337 1306 2377 fovea
1331 2340 1464 2380 oculis

140 2407 227 2435 non
249 2392 519 2444 subripiantur
544 2390 689 2430 avidis.
715 2390 763 2430 In
785 2404 827 2431 re
852 2391 950 2431 notai
966 2405 1016 2431 ne
1039 2392 1137 2445 quid
1159 2392 1298 2432 nimis.

195 2448 303 2495 Quia
331 2445 429 2486 vero
456 2459 636 2488 marmor
662 2447 774 2485 suum
800 2459 885 2485 non
910 2447 1106 2499 explicuit
1132 2446 1460 2495 Drakenborch,

143 2500 192 2540 fic
219 2500 321 2540 illud
344 2501 530 2553 intellige
558 2514 730 2541 mecum.
760 2499 819 2539 1⁰.
842 2500 890 2539 In
916 2501 1057 2541 medio
1081 2493 1325 2555 conspicitur
1346 2502 1463 2542 Paris

141 2555 280 2595 cubito
314 2554 421 2608 pedo
452 2555 638 2608 pastorali
671 2553 862 2595 innitens.
900 2556 962 2595 2⁰.
998 2558 1149 2595 Coram
1184 2570 1234 2596 eo
1270 2556 1341 2595 stat
1374 2557 1464 2596 Cu-

146 2610 245 2662 pido
280 2624 441 2648 truncus
475 2624 603 2662 caput.
641 2610 760 2650 Hunc
796 2623 918 2650 manu
951 2623 1061 2651 tenet
1089 2613 1227 2650 Venus
1257 2623 1281 2649 a
1312 2623 1464 2664 tergo,

147 2677 287 2703 trunca
312 2678 428 2716 caput
447 2695 456 2711 ,
481 2669 520 2704 &
551 2665 678 2712 stans,
713 2666 833 2716 peplo
866 2668 1066 2719 expanso,
1097 2667 1370 2718 afflictumque
1400 2678 1466 2704 te-

152 2732 273 2761 nuem
303 2719 470 2768 induta,
495 2719 662 2773 pedibus
689 2719 824 2761 nudis.
851 2719 912 2772 3⁰.
939 2722 1061 2776 Supra
1086 2734 1176 2763 eam
1198 2718 1354 2780 erninet
1374 2719 1468 2764 Pal-

1162 2790 1184 2817 c
1204 2786 1239 2822 η
