1653 3056
188 192 266 262 254
528 189 1271 248 S1L11ITA1,1<:1

385 286 503 336 ‘Haec
527 288 589 336 ait
608 307 621 348 3
642 302 775 353 atque
796 305 962 356 agmen
982 288 1141 337 Ticini
1164 286 1300 337 fleffit
1320 286 1377 337 ad
1401 287 1561 342 undas.

321 354 552 403 Caeruleas
575 355 768 403 Ticinus
791 373 950 420 aquas,
973 362 1015 404 &
1040 357 1192 422 stagna
1209 395 1220 415 ,
1248 356 1417 404 vadoso

318 421 591 486 Perspicuus
619 422 763 471 servat
787 424 955 471 turbari
984 422 1137 471 nescia
1162 422 1306 470 fundo
1322 464 1335 484 ,

322 488 399 537 Ac
423 488 617 537 nitidum
641 489 772 539 viridi
794 490 916 538 lente
937 490 1072 538 trabit
1094 507 1229 537 amne
1249 489 1492 555 liquorem.

227 562 285 616 85
323 554 422 606 Vix
444 556 602 605 credas
625 555 718 606 labi
739 576 752 620 3
775 557 881 621 ripis
903 570 998 605 tam
1019 557 1141 605 mitis
1163 558 1315 620 opacis

322 624 525 689 Argutos
549 624 666 671 inter
691 623 934 673 volucrum
957 624 1202 674 certamina
1231 639 1412 685 cantus,

321 689 632 738 Somniferam
652 691 774 738 ducit
794 691 968 739 lucenti
995 691 1174 757 gurgite
1199 691 1452 755 lympham.

324 755 524 821 Jamque
545 757 624 806 sub
649 772 905 805 extremum
929 757 1068 806 noctis
1091 758 1369 824 fugientibus
1391 757 1563 807 umbris

322 823 431 872 Lux
454 823 608 873 aderat
624 864 635 884 ‚
659 825 932 888 somnusque
956 825 1052 871 suas
1079 825 1342 873 confecerat
1363 825 1511 875 horas,

221 906 286 952 '90
319 890 570 953 Explorare
592 893 718 939 locos
742 891 943 951 Consul,
967 891 1184 956 collisque
1211 891 1455 956 propinqui

321 957 593 1025 Ingenium,
614 963 656 1006 &
678 958 849 1022 campis
867 976 964 1023 quae
987 958 1036 1006 sit
1055 972 1238 1016 natura,
1257 960 1460 1022 parabat.

322 1025 411 1073 Par
430 1025 622 1074 studium
643 1025 786 1074 Poeno
801 1066 811 1085 ,
836 1025 1090 1090 similesque
1113 1025 1157 1074 in
1180 1028 1358 1088 pectore
1381 1042 1515 1089 crurae.

319 1092 383 1140 Er
420 1110 446 1139 o
469 1092 682 1153 aderant,
709 1093 871 1156 rapidis
899 1093 1100 1157 equitum
1123 1092 1442 1140 comitantibus
1462 1090 1558 1142 alis-

384 1109 564 1209 ilerum
581 1160 660 1208 ubi
680 1174 912 1208 commoto
937 1160 1189 1208 docuerunt
1210 1163 1398 1223 pulvere
1420 1162 1564 1208 nubes

222 1243 282 1289 95
323 1225 516 1274 Hostem
534 1227 650 1275 ferre
669 1227 862 1293 gradum
878 1262 889 1281 ,
910 1233 952 1274 &
970 1226 1150 1289 propius
1167 1226 1437 1291 propiusque
1457 1227 1624 1274 sonoro

326 1293 678 1356 Quadripedum
705 1296 845 1343 cornu
872 1294 1002 1341 tellus
1023 1294 1194 1359 gemin
1219 1311 1272 1341 ac
1295 1294 1423 1341 simul
1448 1311 1553 1341 acer

323 1360 610 1411 Vincent'um
631 1362 763 1409 lituos
794 1360 990 1408 hinnitus
1012 1360 1134 1408 saevit
1151 1377 1399 1423 equorum:

326 1428 474 1475 Arma
489 1461 504 1484 ,
526 1427 639 1489 viri,
662 1427 804 1490 rapite
829 1445 952 1475 arma
967 1466 979 1488 ,
1003 1427 1113 1489 viri;
1136 1427 1227 1474 dux
1250 1427 1377 1475 instat
1395 1440 1603 1494 uterque.

329 1494 576 1543 Ambobus
595 1495 733 1543 velox
756 1494 893 1543 virtus
907 1533 918 1554 ,
943 1494 1241 1560 geminusque
1262 1494 1426 1556 cupido

186 1577 283 1614 1¹00
316 1561 513 1621 Laudis,
531 1568 573 1610 δε
595 1562 651 1610 ad
675 1579 873 1628 pugnem,
899 1561 1190 1625 Martemque
1213 1560 1383 1608 insania
1406 1578 1617 1612 concors,

390 1628 532 1676 Haud
546 1646 672 1676 mora
688 1648 698 1675 τ
714 1628 806 1690 jam
822 1629 996 1676 tantum
1012 1627 1162 1691 campi
1181 1627 1420 1675 dirimebat
1436 1631 1490 1676 ab
1507 1628 1621 1689 ictu,

325 1695 564 1759 Quantum
585 1695 779 1758 impulsa
800 1696 922 1744 valet
943 1694 1271 1758 comprendere
1292 1696 1449 1743 lancea
1472 1696 1624 1759 nodcq

327 1764 490 1827 Quum
512 1763 709 1811 subitum
733 1762 902 1826 liquida
919 1803 928 1820 ,
948 1780 1039 1810 non
1060 1763 1164 1811 ullis
1190 1761 1409 1823 nubibus,
1432 1750 1570 1811 aet'lsrfi.

324 1829 588 1895 Augurium
605 1869 615 1889 ,
644 1846 818 1878 mentes
832 1871 842 1891 ‚
867 1829 1114 1893 oculosque
1134 1829 1190 1877 ad
1211 1829 1349 1877 sidera
1369 1829 1522 1880 vertit.

189 1910 285 1958 ,105
324 1896 586 1959 Accipiter,
608 1897 761 1944 medio
781 1897 971 1945 tendens
995 1915 1018 1944 a
1044 1896 1187 1946 limite
1210 1896 1311 1945 solis
1330 1937 1341 1955 ,

309 1963 533 2012 ‘Dileftas
551 1964 752 2024 Veneri,
773 1965 988 2028 notasque
1011 1966 1066 2010 ab
1088 1965 1261 2011 honore
1281 1963 1459 2011 Diones

324 2031 565 2080 Turbabat
584 2032 809 2081 violentus
830 2050 960 2093 aves3
981 2045 1114 2094 atque
1136 2029 1361 2096 unguibus
1385 2030 1504 2078 idem
1518 2067 1534 2093 ‚

333 2098 466 2146 Idem
493 2116 615 2146 nunc
639 2099 801 2160 rostro,
825 2098 942 2146 duris
969 2115 1090 2146 nunc
1111 2097 1267 2148 ictibus
1289 2098 1367 2145 alce
1383 2136 1399 2158 ,

315 2163 422 2212 Ter
441 2165 599 2228 quinas
621 2165 828 2227 dederat,
858 2166 970 2214 saeva
993 2166 1108 2213 inter
1130 2165 1315 2214 vulnera
1338 2165 1448 2214 leto,

192 2247 223 2287 a
238 2248 294 2281 10
333 2231 439 2279 Nec
465 2231 564 2280 finis
580 2272 591 2293 ‚
613 2232 823 2295 satiasve‚
845 2232 955 2283 novi
973 2232 1047 2280 sed
1067 2231 1294 2299 sanguinis
1317 2231 1451 2279 ardor

326 2297 562 2362 Gliscere3
582 2305 622 2347 8<
645 2302 835 2366 urgebat
855 2300 1075 2362 trepidam
1098 2299 1190 2363 jam
1211 2298 1332 2348 crede
1354 2298 1586 2361 priorum,

327 2365 648 2430 Incertamqne
669 2366 788 2433 fugae
803 2407 814 2427 ‚
835 2366 991 2428 plum&
1014 2368 1194 2415 labente
1210 2406 1221 2426 ‚
1243 2367 1539 2414 columbam:

323 2431 492 2480 Donec
514 2432 718 2482 Phoebeo
740 2435 927 2482 veniens
948 2434 974 2487 J
982 2433 1077 2482 ovis
1098 2434 1186 2482 ales
1206 2435 1261 2480 ab
1285 2447 1412 2492 ortu,

324 2497 380 2543 In
399 2512 558 2547 tenues
577 2499 760 2547 tandem
784 2504 925 2549 nubes
950 2502 1055 2548 dare
1073 2514 1199 2568 terga
1221 2499 1390 2566 coegit.

191 2576 216 2624 ῃ
231 2578 283 2626 15
323 2563 451 2612 Tum
472 2566 628 2615 vistrix
647 2567 770 2614 laetos
792 2568 915 2634 signa
936 2569 990 2615 ad
1013 2569 1220 2616 Romana
1238 2569 1420 2616 volatus

325 2629 592 2697 Convertit3
613 2633 854 2698 prolesque
874 2635 1022 2696 ducis,
1041 2634 1132 2699 qua
1152 2649 1278 2698 parte
1299 2634 1466 2685 decora

327 2696 479 2766 Scipio
507 2699 733 2768 quaffabat
754 2702 1002 2768 puerilibus
1022 2720 1148 2755 arma
1168 2700 1349 2756 lacertis
1363 2739 1382 2766 ‚
