1627 3056
422 181 772 238 LIBER
848 181 1076 239 XVI.
1367 206 1470 265 333

166 279 275 345 Qua
297 278 456 345 Tagus
475 278 678 327 auriferis
697 279 838 342 pallet
861 282 1062 327 turbatus
1084 278 1250 342 arenis,

35 362 123 408 595
164 349 223 396 Et
243 346 424 413 Glagus
441 386 452 407 ‚
474 346 656 413 insignis
676 363 836 395 ventos
858 347 1035 393 anteire
1054 348 1229 395 lacerto
1243 387 1258 411 ,

165 415 249 475 Et,
274 416 402 478 cujus
422 432 658 477 nunquam
679 413 841 480 fugiffe
871 414 1042 461 hastilia
1066 416 1191 463 cervi

157 482 410 544 Praerapida
435 481 626 545 p‘otue‘re
646 481 756 549 fuga
772 523 784 542 ‚
806 497 1000 529 venator
1023 483 1259 531 Aconteus
1276 524 1289 544 ‚

162 550 484 614 Indibilisque,
505 549 580 597 diu
603 551 731 598 laetus
755 548 928 597 bellare
951 549 1148 610 Latinis,

164 618 273 671 Jam
296 617 470 680 socius3
495 618 797 682 volucresque
819 634 957 683 vagas
980 617 1259 679 deprendere
1281 622 1405 670 nube

31 696 127 738 600
165 684 392 734 Adsuetus
419 684 600 749 jaculis,
621 685 742 732 idem
764 691 806 733 &
830 685 1051 744 bellator,
1079 686 1264 736 Ilerdes,

163 754 287 801 Laus
308 753 449 800 Burni
470 754 616 814 prima
633 793 645 814 ‚
665 752 812 801 infixi-t
833 751 910 816 qui
933 751 1104 814 spicula
1124 771 1280 816 metae,

163 821 238 869 Est
261 823 435 868 donum
458 820 584 868 serva
601 862 612 880 ,
633 822 836 868 albentes
858 820 1083 867 invertere
1106 821 1231 868 lanas

164 888 347 936 Murice
374 888 561 936 Gaetulo
582 887 711 936 dofta
735 908 744 935 :
773 887 828 934 ad
853 905 992 950 quem
1015 891 1224 949 proxima
1248 890 1422 941 honore

161 956 350 1004 Praemia
368 997 380 1017 ‚
403 955 605 1005 vicinam
624 970 756 1004 metae
783 954 859 1018 qui
881 955 1081 1017 propulit
1103 956 1274 1005 hastam
1288 998 1303 1020 ,

30 1035 121 1088 605
162 1024 372 1087 Accepto
401 1025 527 1072 laetus
549 1041 687 1085 puero
710 1020 902 1071 disceffit
924 1023 1092 1070 Ilerdes
1116 1064 1126 1084 ‚

164 1092 254 1140 Cui
272 1092 405 1146 ludus
426 1091 604 1139 nullum
627 1092 757 1139 cursu
783 1108 874 1137 non
892 1090 1054 1138 tollere
1076 1091 1276 1142 damam.

161 1159 321 1210 Tertia
342 1159 496 1222 palma
516 1158 672 1206 habuit
692 1157 898 1226 geminos
918 1158 1102 1224 infignis
1118 1159 1358 1209 Aconteus

161 1226 451 1277 Nectimidos
472 1227 645 1294 agitare
672 1244 806 1274 canes
829 1225 1060 1273 latratibus
1083 1243 1260 1290 aprum.

230 1295 363 1361 Quos
381 1295 618 1359 postquam
645 1294 820 1342 clamor
846 1293 1119 1360 plaususque
1144 1296 1355 1358 probavit
1377 1298 1471 1346 ho-z

367 1380 500 1410 nores
519 1401 530 1422 ‚
655 1381 657 1384 ⁴

32 1440 127 1481 610
166 1429 432 1479 Germanus
454 1429 602 1490 ducis,
627 1443 760 1495 atque
781 1428 1004 1495 effulgens
1025 1428 1190 1479 Lael’ius
1210 1431 1322 1479 ostro

165 1498 373 1546 Nomina
392 1516 561 1566 magna
583 1514 752 1546 vocant
772 1497 861 1545 laeti
882 1497 1135 1562 Manesque
1157 1498 1413 1562 jacentum,

163 1566 323 1632 Atque
344 1567 484 1614 hastas
505 1566 640 1614 fimul
661 1565 916 1614 effundunt.
939 1565 1188 1615 Celebrate
1206 1567 1394 1630 juvabat

164 1635 376 1683 Sacratos
396 1635 594 1693 cineres,
615 1650 748 1697 atque
774 1634 864 1681 hoc
890 1633 1026 1681 decus
1048 1634 1212 1682 addere
1232 1636 1366 1686 ludis·

162 1702 263 1763 Ipse
287 1703 423 1750 etiam
439 1741 451 1762 ‚
469 1701 632 1750 mentis
658 1702 834 1750 testatus
858 1701 1023 1767 gaudia
1040 1701 1197 1762 vultu,

28 1773 121 1833 ’ὄις
156 1771 339 1819 ’1)υᾶοτ
354 1809 366 1831 ,
388 1784 438 1818 ut
461 1769 657 1834 aequavit
677 1768 849 1817 meritis
872 1768 946 1832 pia
966 1770 1149 1831 pe&ora
1171 1769 1326 1834 donis,

167 1839 227 1887 Et
247 1840 386 1885 frater
406 1837 593 1884 thoraca
612 1836 712 1885 tulit
733 1835 996 1898 multiplicis
1016 1837 1138 1897 auri,

164 1905 328 1954 Laelius
352 1903 558 1953 Asturica
580 1904 759 1967 rapidos
781 1903 835 1951 de
858 1918 994 1969 gente
1016 1904 1191 1970 jugales
1208 1946 1222 1965 ,

163 1973 453 2037 Contorquet
472 1973 652 2039 magnis
674 1970 910 2024 vis'cricem
929 1970 1100 2019 viribus
1120 1971 1291 2020 hastam

168 2041 464 2109 Consurgens
479 2080 492 2101 ,
515 2040 778 2105 umbrisque
806 2037 901 2086 dari
924 2039 1107 2086 testatur
1125 2039 1369 2091 honorem.

32 2110 132 2160 '620
166 2108 309 2157 Hasta
329 2109 490 2158 volans
507 2148 520 2170 ,
542 2107 710 2156 mirum
733 2105 876 2159 dis-lu!
905 2106 1058 2154 medio
1081 2106 1218 2156 incita
1240 2126 1407 2174 campo

167 2176 369 2226 Substitit
389 2191 493 2225 ante
515 2176 675 2224 oculos
695 2215 705 2233 ,
726 2180 768 2222 &
790 2187 916 2221 terrae
934 2173 1075 2222 infixa
1095 2175 1287 2225 cohaefit.

164 2244 296 2293 Tum
319 2244 471 2294 subitae
493 2243 679 2291 frondes
696 2282 708 2303 ,
736 2240 949 2306 celsoque
971 2243 1212 2291 cacumine
1227 2244 1343 2292 rami
1355 2283 1370 2305 ,

165 2312 240 2361 En
259 2313 402 2360 latam
416 2312 631 2377 spargunt
646 2306 840 2374 quercus
853 2349 864 2370 ,
880 2308 992 2357 dum
1011 2309 1226 2373 nascitur,
1240 2313 1476 2363 umbram.

168 2380 246 2428 Ad
267 2379 441 2443 majora
468 2378 626 2443 jubent
650 2375 836 2443 praesagi
852 2377 1038 2425 tendere
1057 2393 1183 2427 vates
1203 2399 1214 2427 t

33 2447 130 2508 3525
167 2446 222 2494 Id
240 2447 487 2495 monstrare
511 2446 638 2493 Deos
655 2484 668 2506 ,
687 2459 824 2510 atque
849 2443 939 2493 hoc
959 2446 1230 2508 portendere
1252 2447 1397 2517 figne.

172 2514 282 2576 Quo
304 2513 436 2578 super
452 2511 643 2580 augurio
662 2554 672 2567 ,
695 2512 831 2576 pulfis
852 2512 908 2560 de
927 2512 1061 2562 litore
1083 2514 1252 2563 cunffis

171 2580 401 2643 Hesperio
421 2580 573 2630 Poenis
588 2620 600 2640 ,
625 2581 746 2629 ultor
766 2579 1017 2645 Patriaeque
1036 2581 1291 2646 domusque

171 2648 426 2699 Ausoniam
445 2648 607 2712 repetit
622 2689 634 2710 ‚
651 2649 776 2697 fama
799 2648 993 2697 ducente
1010 2648 1311 2713 triumphum.

233 2716 285 2769 N
288 2734 343 2770 ec
361 2716 547 2775 Latium
569 2715 686 2785 cut{s
703 2716 829 2770 ardet
846 2715 1108 2788 flagrantius
1129 2716 1258 2784 ullis,
