1627 3056
173 166 278 217 160
522 156 1259 224 81L111TA2101

299 253 512 304 Fulmine
537 257 796 321 compescet
810 258 979 327 linguae
997 299 1008 320 ,
1030 278 1117 309 nec
1137 262 1299 310 deinde
1321 263 1546 331 relinquet

166 339 263 382 410
295 321 380 371 Par
407 322 546 371 decus
566 326 750 389 eloquio
771 327 984 389 cuiquam
1006 327 1180 389 sperare
1202 345 1435 392 nepotum.

369 389 493 438 Ecce
513 391 629 439 inter
648 393 816 454 primos
838 394 1124 456 Therapnaeo
1155 414 1179 443 a
1204 397 1419 463 sanguine
1443 400 1596 449 Clausi

299 456 507 505 Exsultat
526 458 688 521 rapidis
706 459 835 508 Nero
859 478 948 508 non
970 460 1201 510 imitabilis
1222 465 1358 512 ausis:

299 522 444 571 Hunc
467 524 705 574 Amiterna
726 526 888 575 cohors
902 567 915 589 ‚
936 532 977 575 &
1000 529 1165 577 Bactris
1189 531 1375 580 nomina
1395 534 1565 583 ducens

300 590 514 652 Casperia
532 628 545 648 ‚
570 593 691 641 hunc
711 592 901 653 Foruli,
929 612 1200 661 magnaeque
1229 599 1372 648 Reate
1395 601 1596 657 dicatum

164 674 191 715 4
206 671 258 716 15
299 656 579 707 Coelicolum
600 660 741 708 Matri
757 701 769 720 ,
790 678 877 709 nec
900 679 994 709 non
1011 662 1209 711 habitata
1231 666 1401 728 pruinis

297 723 348 770 N
351 724 462 771 urfia
478 764 491 785 ‚
516 731 558 774 &
577 744 602 774 a
621 727 808 776 Tetrica
829 729 1100 778 comitantur
1120 748 1232 792 rupe
1252 734 1473 784 cohortes,

297 789 483 839 eunetis
504 793 625 841 hasta
647 794 784 842 decus
799 834 811 855 ,
830 795 1106 860 clypeusque
1126 798 1318 846 refertur
1338 801 1384 848 in
1402 804 1561 851 orbem
1574 841 1590 865 ‚

295 855 509 923 Conique
529 860 773 924 implumes
794 903 805 922 ,
828 880 882 909 ac
901 863 1017 912 laevo
1045 864 1248 930 tegmina
1270 884 1416 920 crure.

295 925 456 986 Ibant,
481 931 521 974 δε
547 928 634 976 laeti
659 947 759 992 pars
780 930 979 977 Sancum
1006 948 1121 979 voce
1150 935 1374 984 canebant

162 1004 258 1047 420
295 991 546 1041 Auctorem
574 997 751 1061 gentis3
775 1014 875 1059 pars
905 997 1060 1045 laudes
1087 1017 1162 1046 ore
1188 1000 1423 1065 ferebant,

294 1058 415 1107 Sabe
432 1098 444 1119 ‚
465 1075 584 1122 tuas,
608 1063 686 1126 qui
710 1064 765 1110 de
787 1065 968 1126 proprio
991 1067 1269 1131 cognomine
1295 1071 1465 1131 primus

293 1125 459 1174 Dixisti
482 1130 677 1191 populos
702 1131 869 1197 magna
895 1131 1063 1179 ditione
1088 1134 1296 1184 Sabino&

357 1193 485 1257 Quid
499 1233 511 1254 ‚
533 1195 609 1258 qui
629 1196 805 1245 Picenae
824 1197 1017 1246 stimulat
1037 1199 1206 1248 telluris
1226 1202 1435 1251 alumnos
1459 1241 1472 1265 ,

295 1258 521 1309 Horridus
542 1269 583 1310 &
604 1262 798 1326 squamis
813 1303 825 1325 ,
847 1271 888 1313 &
908 1265 1073 1329 equina
1094 1266 1236 1315 Curio
1257 1269 1381 1317 crista
1405 1283 1419 1316 ?

160 1338 251 1383 425
292 1325 398 1374 Pars
421 1327 531 1375 belli
553 1331 689 1393 quam
710 1348 877 1398 magna
895 1332 1020 1380 venit
1041 1341 1049 1378 Ξ
1074 1350 1163 1380 non
1187 1353 1364 1399 aequore
1383 1337 1515 1386 verso

292 1391 416 1440 Tam
438 1397 598 1444 creber
620 1397 768 1445 fractis
789 1398 976 1448 albescit
1002 1399 1159 1448 fiufius
1179 1400 1222 1449 in
1245 1402 1373 1451 undis
1394 1423 1403 1451 ε

290 1459 399 1509 Nec
422 1476 544 1510 coetu
570 1464 766 1524 leviore,
790 1465 868 1514 ubi
888 1466 1018 1515 mille
1039 1485 1120 1530 per
1139 1471 1322 1536 agmina
1341 1469 1473 1539 virgo

290 1526 481 1578 Lunatis
503 1529 620 1578 acies
643 1532 846 1581 imitatur
867 1534 1025 1582 martia
1045 1535 1201 1597 peltis,

289 1593 530 1660 Perstrepit
549 1604 590 1645 &
613 1600 767 1659 tellus,
793 1606 834 1648 &
855 1600 1136 1649 Amazonius
1156 1602 1476 1654 Thermodon.

158 1674 255 1721 430
291 1660 389 1708 Hic
410 1668 451 1710 &
471 1680 582 1727 quos
604 1666 794 1728 pascunt
816 1667 1058 1728 scopulosa:
1084 1687 1185 1716 rura
1209 1670 1467 1735 Numanae,

289 1727 349 1775 Et
370 1729 467 1791 quis
489 1731 659 1779 litoreae
683 1733 861 1780 fumant
881 1735 1035 1782 altaria
1058 1735 1224 1798 Cuprae
1242 1776 1254 1796 ‚

290 1794 481 1859 Quique
503 1797 777 1847 Truentinas
797 1801 970 1849 servant
991 1820 1097 1851 cum
1120 1803 1305 1852 flumine
1324 1817 1465 1853 turres

290 1864 492 1912 Cernere
520 1879 645 1914 erat:
670 1868 878 1929 clypeata
904 1871 1063 1930 procul
1089 1870 1167 1916 sub
1192 1871 1283 1919 sole
1308 1871 1496 1920 corusco

287 1929 490 1995 Agmina
506 1971 516 1991 ‚
545 1934 787 2000 sanguinea
811 1935 990 1983 vibrant
1015 1936 1061 1984 in
1084 1937 1242 1985 nubila
1270 1939 1391 1987 luce.

158 2009 251 2060 435·
287 1997 383 2044 Stat
403 1997 560 2047 fucare
587 2001 714 2049 colus
739 2020 824 2051 nec
849 2002 1018 2051 Sidone
1039 2003 1174 2052 vilior
1197 2005 1364 2054 Ancon
1384 2046 1397 2069 ‚

289 2063 473 2114 Murice
496 2085 581 2115 nec
601 2068 796 2133 Libyco·
823 2070 1011 2132 Statque
1030 2070 1287 2119 humectata
1308 2073 1525 2123 Vomano

287 2131 430 2179 Adria
448 2174 457 2190 ,
486 2139 525 2182 &
551 2135 804 2184 inclemens
827 2136 981 2186 hirsuti
1007 2137 1188 2204 fignifer
1208 2139 1335 2187 Ascli
1357 2160 1367 2187 :

289 2197 400 2246 Hoc
426 2199 558 2249 Picus
589 2204 816 2266 quondam
845 2222 1014 2252 nomen
1038 2206 1334 2253 memorabile
1362 2209 1420 2254 ab
1447 2208 1540 2257 alto

287 2265 480 2315 Saturno
502 2269 646 2317 statuit
668 2270 844 2337 genitor
859 2312 870 2331 ‚
897 2290 1035 2335 quem
1057 2275 1260 2321 carmine
1282 2273 1421 2322 Circe

156 2345 254 2385 ³³:40
290 2333 494 2381 Exutum
518 2335 714 2384 formam
735 2339 924 2387 volitare
949 2357 1029 2402 per
1056 2341 1218 2388 aethera
1239 2340 1382 2400 iussit,

291 2398 349 2446 Et
373 2402 522 2463 sparsit
544 2405 710 2464 plumis
730 2423 945 2454 croceum
969 2406 1183 2472 fugientis
1203 2408 1459 2470 honorem3

287 2464 413 2514 Ante
430 2507 442 2527 ‚
465 2482 514 2515 ut
535 2470 660 2518 fama
687 2472 849 2530 docet,
872 2473 1004 2520 tellus
1029 2472 1210 2534 possessa
1235 2474 1430 2543 Pelasgis
1448 2513 1462 2536 ‚

289 2532 409 2596 Quis
429 2533 544 2583 AEfis
566 2554 777 2603 regnator
795 2554 913 2601 erat,
937 2541 1165 2606 fluvioque
1186 2540 1371 2609 reliquit

286 2600 476 2650 Nomen
491 2642 503 2663 ‚
526 2608 567 2651 &
591 2622 618 2651 a
639 2605 731 2654 sese
757 2609 951 2669 populos
968 2623 1066 2655 tum
1088 2607 1199 2656 dixit
1219 2608 1384 2659 Afisos.

152 2679 253 2734 «μς,
351 2669 444 2720 Sed
462 2688 556 2722 non
577 2671 783 2728 ruricolae
803 2674 1042 2727 firmarunt
1059 2678 1224 2727 robore
1247 2675 1387 2726 castra
