1627 3056
154 227 264 283 190

528 203 1266 263 StL11ITAL1C1

287 300 415 349 Nare
441 299 553 367 legit
569 340 581 360 ,
604 300 835 365 tacitoque
860 319 1074 365 premens
1095 301 1280 368 vestigia
1306 300 1445 349 rostro

187 376 249 420 80
284 369 462 416 Lustrat
486 366 730 416 inacceffos
756 368 1004 417 venantum
1029 369 1242 435 indagine
1263 368 1422 432 saltus3

180 1060 244 1100 90

177 1393 237 1437 95

151 1728 244 1762 100

147 2066 234 2110 105

137 2400 235 2444 „110

288 435 396 482 Nec
423 435 522 482 fistit
540 474 551 495 ‚
578 435 654 483 nifi
672 475 682 494 ,
707 451 986 499 conceptum
1014 435 1198 483 seclatus
1225 436 1413 485 odorem
1431 474 1445 498 ‚

285 502 544 564 Deprendit
576 501 710 565 spiffis
742 520 906 551 arcana
932 502 1103 551 cubilia
1129 503 1290 550 dumis.

348 569 414 616 At
442 570 611 633 conjux
632 569 785 630 Jovis‚
809 584 856 618 ut
879 570 1090 617 Paullum
1112 570 1340 632 depellere
1365 568 1491 618 dietis

282 635 617 701 Nequidquam
640 636 750 697 fuit,
774 643 814 685 &
837 637 1010 686 Consul
1036 655 1126 685 non
1151 636 1308 685 definit
1335 638 1435 698 irae,

283 705 335 752 In
359 703 530 751 faciem
561 704 713 751 Mauri
736 705 882 752 rursus
905 719 1077 752 mutata
1101 703 1295 752 Gelastae
1312 743 1322 761 ,

281 772 464 818 Avocat
484 771 702 838 ignavum
734 772 849 819 saeva
878 771 932 818 ad
959 772 1207 818 certamina
1231 771 1438 819 Poenum.

280 837 395 886 Huc
416 838 504 885 tela
522 878 532 898 ‚
545 838 657 888 huc,
677 836 849 902 inquit,
866 838 1071 886 dextram
1092 838 1438 900 implorantibus
1459 836 1583 899 affer,

281 905 333 953 O
356 914 366 953 Ξ
394 905 531 953 decus
550 920 768 953 :eternum
792 905 1110 972 Carthaginis:
1132 905 1314 953 horrida
1332 906 1459 971 juxta

282 973 549 1039 Stagnantes
573 973 746 1021 Consul
770 972 954 1020 molitur
974 973 1131 1036 proelia
1151 973 1267 1035 ripas
1290 991 1303 1033 ς,

282 1039 339 1087 Et
360 1042 455 1087 laus
475 1040 595 1088 haud
619 1040 706 1088 alio
729 1041 874 1104 major
899 1041 1029 1088 datur
1049 1041 1171 1087 hoste
1195 1054 1450 1103 perempto,

284 1107 403 1154 Hazc
434 1108 493 1154 ait
511 1122 529 1167 ,‘
550 1113 591 1155 &
611 1107 829 1169 juvenem
851 1107 1024 1155 diversa
1047 1108 1104 1154 ad
1129 1106 1285 1170 proelia
1308 1120 1468 1169 raptat.

343 1173 587 1222 Flumineo
609 1175 838 1240 Libycam
857 1177 1064 1222 turbabat
1084 1174 1128 1221 in
1152 1191 1319 1240 aggere
1339 1176 1510 1236 pubem
1534 1192 1547 1222 z

283 1240 433 1289 Cristae
455 1259 625 1289 nomen
649 1257 743 1290 erat
768 1261 779 1289 :
808 1241 874 1289 bis
897 1241 1012 1289 terni
1035 1241 1183 1303 juncta
1204 1242 1412 1289 ferebant

284 1308 430 1356 Arma
450 1309 603 1356 senem
625 1309 744 1357 circa
771 1309 864 1356 nati
888 1328 897 1355 z
921 1325 1186 1372 pauperque
1208 1325 1425 1371 penatum
1442 1346 1454 1365 ‚

275 1376 365 1424 Sed
378 1375 537 1423 domus
551 1376 672 1423 haud
683 1374 875 1424 obscura
886 1375 1061 1433 Tuder,
1076 1375 1294 1439 notusque
1307 1394 1387 1440 per
1400 1375 1609 1425 Umbros

277 1442 479 1491 Bellator
504 1443 697 1507 populos
713 1484 724 1503 ,
747 1442 873 1490 fastis
894 1448 934 1491 &
959 1443 1086 1491 caede
1111 1443 1304 1490 docebat

278 1510 514 1558 Natorum
534 1511 805 1578 armigeram
828 1527 1002 1576 pugnas
1021 1512 1208 1558 trastare
1228 1510 1482 1560 cohortem.

279 1577 518 1625 Unanima
539 1579 643 1627 inde
668 1579 868 1641 phalanx
889 1578 1028 1626 crudo
1053 1578 1246 1625 ducente
1272 1578 1478 1643 magistro
1498 1615 1509 1636 ‚

277 1644 517 1708 Postquam
531 1645 771 1694 hominum
788 1645 943 1692 satiata
961 1662 1074 1692 nece
1089 1645 1164 1704 est,
1176 1646 1470 1706 prostraverat
1485 1644 1579 1694 istu

280 1712 526 1760 Innumero
552 1730 658 1760 cum
676 1726 796 1760 turre
816 1712 962 1759 feram
983 1751 996 1769 ,
1019 1711 1281 1774 facibusque
1303 1711 1490 1774 secutis,

278 1778 537 1827 Ardentem
560 1779 743 1827 monstri
766 1779 991 1842 speRabat
1016 1779 1114 1826 laeta
1135 1778 1317 1842 ruinas3

276 1846 440 1909 Quum
467 1846 635 1894 subitus
658 1848 797 1912 galeae
816 1846 996 1912 fulgor,
1021 1863 1230 1910 conoque
1253 1846 1450 1896 coruscae

277 1913 459 1976 Maiore
479 1914 753 1962 intremuere
773 1915 918 1979 jubae:
947 1930 1034 1961 nec
1056 1913 1181 1960 tarda
1205 1913 1439 1976 'senestus3

280 1988 296 2043 (
320 1980 523 2048 Agnovit
547 1999 654 2029 nam
676 1981 779 2029 luce
800 1980 981 2036 virum)
1007 1980 1122 2041 rapit
1143 1982 1326 2047 agmine
1347 1996 1476 2029 natos

274 2048 403 2096 Saeva
424 2067 584 2111 parens
609 2048 725 2096 ultro
750 2050 795 2096 in
816 2048 1089 2106 certamina,
1113 2053 1153 2095 ὃ(
1179 2047 1342 2095 addere
1364 2047 1525 2112 paffim

275 2114 398 2163 Tela
418 2116 546 2180 jubet
562 2154 573 2175 ‚
598 2133 685 2163 nec
706 2130 939 2163 manantes
961 2132 1017 2161 ex
1042 2131 1118 2161 ore
1143 2113 1312 2175 feroci,

275 2183 372 2230 Aut
394 2200 491 2247 quae
513 2182 757 2248 flagrarent
777 2183 907 2252 galea
929 2180 1245 2229 exhorrescere
1269 2181 1490 2231 flammas,

334 2250 554 2298 Armioer
579 2250 700 2297 haud
722 2250 851 2298 aliter
872 2249 1030 2316 magni
1051 2247 1180 2300 Jovis
1198 2288 1208 2307 ‚
1235 2249 1367 2296 anxia
1395 2248 1504 2295 nido

270 2316 435 2380 Quum
491 2318 622 2384 ignos
649 2318 788 2365 nutrit
812 2317 1024 2384 gestanda
1046 2316 1102 2363 ad
1125 2315 1321 2364 fulmina
1346 2315 1464 2363 fetus
1482 2354 1494 2375 ,

270 2383 532 2432 Obversam
554 2384 755 2447 spestans
778 2403 855 2432 ora
878 2385 933 2432 ad
956 2382 1224 2431 Phaetontia
1246 2383 1422 2445 prolem
1437 2423 1450 2445 ,

273 2450 496 2515 Explorat
521 2451 678 2499 dubios
708 2451 908 2501 Phoebea
928 2450 1139 2512 lampade
1163 2464 1306 2500 natos.
1477 2507 1482 2513 Ι

269 2516 469 2581 Jamque
493 2517 579 2566 suis
604 2519 728 2568 daret
750 2535 799 2568 ut
817 2536 980 2586 pugnae
1005 2518 1279 2567 documenta
1298 2515 1497 2577 vocatis,

270 2584 342 2632 En
359 2624 371 2645 ‚
398 2584 566 2650 medias
591 2584 708 2634 hasta
729 2588 867 2637 velox
890 2586 1177 2650 praetervolat
1197 2603 1339 2633 auras.

268 2650 412 2698 Haefit
434 2652 677 2714 multiplici
702 2672 794 2703 non
817 2655 906 2703 alte
929 2652 1075 2715 cuspis
1101 2652 1145 2701 in
1168 2671 1277 2700 auro
1293 2691 1305 2711 ‚

132 2729 191 2778 U
206 2731 232 2789 5,
263 2717 339 2774 Ae
359 2717 536 2774 senium
555 2719 758 2778 invalido
776 2721 1038 2792 dependens
1058 2720 1259 2789 prodidit
1275 2719 1383 2775 istu-
