1627 3056
404 141 754 197 LIBER
837 141 1062 200 XVI,
1337 161 1442 219 335

136 240 228 289 Res
251 238 390 288 Italae.
414 238 549 286 Pater
570 237 648 285 ille
667 251 769 286 tuus
788 239 866 298 qui
884 239 1073 287 nomina
1094 238 1250 286 vestrae

132 306 325 354 Addidit
342 306 463 353 haud
483 304 628 373 segnis
648 305 799 371 genti,
826 323 971 370 quum
997 306 1171 354 Consul
1193 306 1313 357 iberi

132 373 440 421 Tenderetad
461 372 578 436 ripas
593 413 605 434 ‚
625 389 844 422 revocato
867 373 1013 420 milite
1036 373 1207 436 primus

133 441 448 489 Descendenti
469 440 600 489 avide
626 440 839 503 superatis
858 440 1054 502 Alpibus
1075 441 1195 488 ultro

0 513 101 570 '670
141 509 375 572 Opposuit
398 509 489 556 sese
512 508 783 557 Hannibali.
807 507 885 555 Tu
912 508 1087 556 Consul
1111 508 1236 557 abire

134 577 178 624 A
202 578 371 626 viciore
388 594 517 640 paras
534 576 657 623 hoste
673 616 684 637 ,
704 590 837 640 atque
857 575 1058 624 avellere
1081 575 1212 624 nobis

133 644 322 692 Scilicet
339 645 428 693 hoc
446 646 536 692 astu
549 644 744 692 Poenum
762 655 776 690 ?
803 642 831 690 fi
852 642 1015 691 deinde
1040 642 1214 691 sedebit

134 712 403 775 Impavidus
417 751 427 769 ,
442 727 592 761 necte
612 710 657 759 in
671 710 870 775 Libyam
886 724 1051 774 tuaque
1071 728 1198 759 arma
1214 712 1443 778 sequetur,

138 778 287 843 Capta
307 779 543 828 damnabis
564 778 772 827 consulta
795 777 1053 840 improvida
1073 779 1242 828 Roma.

4 857 32 898 6
41 865 94 910 75
134 848 224 897 Sed
245 847 320 896 fae
340 850 573 896 turbatum
593 861 861 895 convertere
881 845 1004 912 figna
1020 885 1032 905 ‚
1055 859 1232 911 tuaeque

136 914 300 964 Claffis
315 916 419 965 vela
434 914 583 980 sequi;
605 931 774 977 nempe
787 912 910 960 idem
928 916 1011 960 erit
1032 912 1442 978 Hannibal,idem,

137 982 282 1046 Cujus
303 997 350 1031 tu
369 983 546 1031 vallum
564 979 708 1032 vidisti
731 999 755 1029 e
780 979 1007 1028 moenibus
1028 981 1165 1030 urbis.

137 1051 255 1099 Haec
266 1049 436 1098 Fabius
454 1071 465 1098 ε
491 1050 728 1113 seniorque
750 1066 911 1096 manus
926 1047 1050 1110 paria
1071 1067 1149 1096 ore
1167 1050 1444 1100 fremebant„

201 1117 329 1165 Tum
354 1134 513 1166 contra
534 1117 708 1168 Consul
729 1136 738 1164 :
763 1115 899 1165 Caefis
918 1115 1175 1164 dustoribus
1194 1118 1307 1167 olim

10 1176 451 1252 680‘Magnanimis
473 1186 564 1233 leto
590 1184 776 1251 gemino
793 1223 805 1243 ‚
828 1199 971 1248 quum
990 1198 1084 1231 tota
1102 1183 1282 1234 subisset

134 1252 376 1301 SidonIum
397 1251 584 1316 poffeffa
602 1254 766 1320 jugum
785 1249 1010 1298 Tartessia
1032 1251 1191 1313 tellus,

137 1320 252 1368 Non
274 1320 447 1378 Fabio,
471 1338 591 1380 non,
615 1320 712 1386 quie.
732 1318 897 1366 eadem
921 1318 982 1366 est
1004 1319 1222 1369 sententia
1248 1320 1409 1383 cordi,

140 1389 397 1453 Quoquam
425 1389 483 1437 ad
505 1406 643 1451 opem
663 1387 795 1437 verso
810 1425 820 1443 ‚
836 1386 984 1434 fateor
998 1423 1012 1446 ,
1032 1387 1305 1449 primoribus
1319 1389 1447 1438 annis

135 1456 316 1520 Excepi
329 1458 504 1505 nubem
524 1455 665 1517 belli,
685 1453 896 1517 solusque
914 1454 1064 1502 ruenti

11 1529 100 1585 685
140 1524 316 1589 Obieci
342 1526 461 1573 coelo
484 1538 649 1588 caput,
673 1538 809 1587 atque
827 1522 872 1570 in
889 1539 966 1570 me
987 1521 1142 1571 omnia
1161 1523 1292 1573 verti.

138 1592 267 1641 Tum
285 1592 529 1660 grandaeva
549 1608 734 1650 manus,
757 1607 900 1653 puero
925 1591 1048 1638 male
1069 1591 1239 1638 credita
1260 1591 1383 1640 bella
1397 1630 1412 1654 ,

139 1660 293 1725 Atque
311 1660 434 1708 idem
459 1660 536 1709 hic
554 1674 681 1709 vates
699 1657 942 1706 temeraria
962 1672 1112 1720 coepta
1134 1662 1343 1711 canebat.

140 1729 230 1777 Dis
251 1742 398 1795 grates
417 1728 696 1791 laudemque
714 1725 838 1786 fet-0,
861 1724 939 1772 sub
962 1724 1150 1773 numine
1169 1744 1369 1790 quorum

139 1795 271 1845 Gens
289 1795 496 1861 Troiana
516 1795 670 1844 sumus
691 1812 701 1841 :
721 1811 835 1857 puer
854 1792 934 1840 ille
946 1830 961 1852 ,ι
979 1798 1021 1840 &
1040 1792 1183 1841 futilis
1203 1809 1332 1856 aetas,

1 1863 103 1924 ss690
139 1864 448 1928 Imbellesque
468 1862 606 1924 anni,
632 1861 833 1909 necdum
852 1876 1055 1908 maturus
1078 1860 1134 1908 ad
1156 1878 1285 1911 arma

0 1930 2 1932 ’
139 1931 297 1995 Scipio
315 1971 326 1991 ,
344 1930 532 1980 restituit
548 1946 686 1978 terras
706 1928 793 1976 illae
801 1927 869 1975 sus
883 1928 1036 1974 Iberas

106 2055 113 2060 ‚
141 1999 398 2067 Tro'igenis
422 2020 433 2047 :
460 1997 635 2063 pepulit
652 1996 819 2044 Poenos
835 2029 850 2051 ‚
873 1993 1068 2059 solisque
1090 1993 1269 2045 secutus

139 2068 384 2117 Extremas
405 2067 461 2115 ad
480 2066 671 2115 Atlanta
692 2063 814 2125 vias,
839 2062 994 2130 exegit
1019 2064 1076 2109 ab
1100 2064 1212 2111 orbe

142 2135 371 2200 Hesperio
389 2151 562 2184 nomen
582 2133 742 2197 Libyae
760 2169 772 2191 ,
793 2147 881 2178 nec
898 2128 1052 2178 retulit
1068 2146 1175 2178 ante

2 2210 42 2271 1⁶
44 2220 102 2266 95
140 2204 283 2271 Signa
301 2204 422 2267 prius
440 2242 451 2263 ,
478 2202 616 2267 quam
636 2200 866 2248 fumantes
889 2197 1012 2247 circa
1033 2215 1217 2262 aequora
1235 2195 1351 2248 vidit

141 2271 356 2320 Romano
377 2270 604 2318 Phoebum
625 2267 884 2317 solventem
901 2265 1032 2314 litore
1054 2282 1227 2316 currus-

142 2339 355 2387 Adscivit
377 2354 507 2403 reges
524 2336 648 2384 idem
671 2354 681 2383 ε
709 2351 833 2384 nunc
856 2335 1044 2383 ultimus
1066 2333 1172 2382 affls

147 2406 301 2454 Restat
318 2406 556 2470 Carthago
576 2402 731 2451 nostris
745 2402 876 2450 labor
893 2422 904 2450 :
921 2401 1011 2449 hoc
1030 2401 1147 2449 sator
1167 2399 1253 2449 aevi

144 2472 326 2536 Jupiter
345 2472 498 2520 aeterni
518 2485 693 2519 monet.
709 2469 966 2519 Hannibali
983 2486 1095 2517 ecce
1116 2469 1318 2517 senectus

11 2553 110 2608 500
146 2540 376 2599 intremit,
401 2553 479 2587 aut
502 2556 644 2606 aegros
662 2538 840 2586 fimulat
862 2536 1051 2584 mentita
1069 2537 1258 2585 timores
1279 2554 1296 2586 =

146 2608 226 2657 Ne
249 2608 392 2656 finem
419 2606 570 2673 longis
589 2605 775 2653 tandem
795 2603 1011 2668 peperisse
1029 2603 1166 2652 ruinis

154 2675 225 2726 Sit
245 2676 394 2726 noster
419 2674 590 2728 titulus·
614 2673 754 2724 Certe
774 2671 871 2741 jam
889 2672 1076 2723 dextera
1093 2668 1227 2721 nobis
