1627 3056
130 195 237 246 260
504 184 1252 245 81L111TAL101

263 280 516 332 Exanimes
540 282 758 332 mandant
778 282 898 347 Liby
903 283 964 332 cis
986 283 1315 333 Nasamones
1298 300 1345 333 m
1369 283 1484 335 oris?

262 350 329 398 At
348 349 490 398 Celtae
510 348 646 399 vacui
663 350 820 415 capitis
843 351 1129 399 circumdare
1149 352 1349 417 gaudent

262 415 408 478 Offa,
433 415 581 464 nefas!
611 435 749 479 auro,
777 423 819 466 &
841 419 1002 466 mensis
1026 435 1079 465 ea
1101 419 1268 480 pocula
1289 417 1480 469 servant.

265 483 531 546 Cecropidae
554 485 612 532 ob
635 484 832 533 Patriam
855 484 1079 533 Mavortis
1102 484 1189 533 sort
1192 503 1216 532 e
1235 499 1463 547 peremtos

127 559 224 615 '485
264 550 533 600 Decrevere
557 551 686 599 fimul
708 551 1030 600 communibus
1050 569 1178 599 urere
1199 551 1411 603 flammis,

130 615 133 619 ⁴
263 618 329 666 At
350 632 486 684 gente
506 618 551 666 in
572 619 784 682 Scythica
804 618 962 666 suffixa
982 618 1204 666 cadavera
1222 620 1391 669 truncis

264 685 415 735 Lenta
438 685 529 734 dies
557 684 717 748 sepelit
733 725 746 747 ,
779 685 898 748 putri
922 684 1140 750 liquentia
1168 688 1291 733 tabo.

331 751 469 800 Talia
492 753 602 800 dum
621 766 904 813 memorant,
928 752 1091 800 umbra
1109 753 1322 803 veniente
1345 751 1562 818 Sibyllae,

262 817 504 880 Autonoe,
529 819 671 868 finem
691 820 767 868 h1c
781 856 795 878 ,
821 818 989 883 inquit,
1015 818 1296 867 sermonibus
1317 819 1432 868 adde

128 904 228 946 490
262 882 496 934 Alternis.
521 886 619 935 haec
638 887 735 936 haec
761 904 860 936 veri
877 886 1077 934 fecunda
1097 887 1330 934 sacerdos.

266 952 356 1000 Cui
374 952 549 1002 tantum
569 954 710 1016 patuit
729 972 914 1010 rerum,
935 955 1151 1017 quantum
1173 953 1266 1015 ipse
1291 952 1466 1020 negarit

261 1019 369 1067 Plus
390 1020 561 1069 noviffe
587 1024 727 1070 Deus.
754 1021 867 1069 Me‘
858 1039 947 1086 μιῇ
970 1020 1216 1068 comitante
1235 1035 1421 1068 tuorum

262 1085 471 1149 Tempus
489 1087 610 1135 abire
629 1089 799 1165 globO,
823 1093 865 1136 δι
884 1087 1111 1150 pecudes
1097 1104 1335 1148 imponere
1351 1086 1566 1139 flammis

262 1153 326 1200 At
348 1155 535 1219 gravida
556 1155 728 1203 arcanis
748 1154 920 1218 Cymes
947 1171 1056 1202 anus
1082 1154 1228 1219 attigit
1252 1172 1329 1201 ore

130 1237 222 1284 495
260 1220 501 1284 Postquam
521 1221 774 1270 sacrificum
811 1221 1119 1284 delibavitque
1140 1239 1377 1283 cruorem,

262 1288 317 1335 In
339 1287 476 1335 decus
494 1288 731 1355 egregium
750 1289 904 1336 vultus
923 1288 1093 1335 intenta
1110 1287 1325 1349 juventae,

262 1352 481 1402 ΙΕὼεῐεέι
500 1355 677 1403 fruerer
694 1372 836 1419 quum
855 1355 984 1412 luce,
1007 1354 1128 1401 haud
1149 1354 1369 1431 segniter,
1389 1353 1556 1419 inquit,

263 1420 446 1483 Cymeo
474 1422 652 1485 populis
670 1440 762 1470 vox
786 1422 932 1470 nostra
957 1420 1178 1469 sonabat
1165 1438 1212 1468 in
1234 1436 1389 1482 antro,

262 1486 404 1537 Tunc
425 1502 469 1536 te
491 1488 766 1550 permixtum
791 1488 921 1536 seclis
939 1487 1203 1551 ,rebusque
1223 1487 1387 1537 futuris

138 1568 228 1615 500
266 1554 526 1603 AEneadum
551 1555 714 1605 cecini.
749 1555 839 1604 Sed
861 1572 952 1603 non
975 1555 1039 1602 sat
1057 1555 1192 1621 digna
1211 1571 1419 1603 mearum

266 1622 388 1670 Cura
408 1623 494 1670 tuis
513 1640 687 1671 vocum
706 1643 716 1671 :
741 1640 826 1671 nec
849 1622 971 1670 enim
997 1622 1267 1685 conquirere
1287 1623 1403 1672 dista

261 1690 362 1737 Aut
384 1690 559 1737 servare
583 1691 669 1739 fuit
690 1689 868 1750 proavis
891 1688 1087 1736 sollertia
1113 1689 1280 1737 vestris.

327 1757 506 1806 Verum
526 1773 627 1823 age,
643 1757 762 1805 disce
779 1795 790 1817 ,
808 1773 934 1820 puer,
952 1755 1132 1820 quando
1148 1754 1425 1822 cognoscere
1442 1753 1570 1805 cordi

469 1824 530 1871 est
548 1862 560 1883 ,

263 1886 371 1940 Jam
401 1901 477 1936 tua
502 1929 511 1947 ,
538 1890 696 1953 'deque
721 1889 808 1938 tuis
827 1887 1071 1952 pendentia
1096 1887 1314 1936 Dardana
1339 1887 1456 1938 fatis.

131 1969 224 2017 505
266 1954 486 2018 Namque
507 1955 590 2003 ti'oi
622 1973 760 2004 cerno
787 1972 1075 2019 properatum
1097 1955 1281 2003 oracula
1301 1954 1406 2002 vitae

261 2020 391 2068 Hinc
414 2037 565 2082 petere
584 2061 596 2080 ,
632 2028 673 2069 ὃ(
697 2023 863 2084 patrios
884 2022 980 2070 visu
1008 2020 1275 2087 contingere
1302 2021 1482 2071 Manes·

261 2087 500 2137 Armifero
520 2089 661 2138 νὶἐὶοῑ·
683 2105 859 2151 patrem
880 2087 1107 2137 ulcisceris
1129 2088 1261 2136 Ibero
1283 2127 1296 2149 ,

261 2154 472 2203 Creditus
495 2170 599 2203 ante
624 2173 764 2203 annos
791 2157 1030 2214 Martem,
1062 2153 1278 2218 ferroque
1299 2153 1498 2204 resolves

265 2220 451 2270 Gaudia
473 2222 754 2280 Poenorum,
778 2228 821 2271 δε
851 2195 1030 2270 miffuni
1050 2221 1260 2270 laetabere
1281 2220 1406 2268 belio

127 2302 225 2352 ⁴510
263 2286 453 2348 Omen,
483 2288 699 2337 Iberiacis
721 2289 834 2340 vista
860 2287 1138 2354 Carthagine
1156 2287 1300 2337 terriS.

263 2353 419 2418 Maius
446 2355 535 2402 ad
523 2356 685 2418 imperi
674 2373 767 2404 um
788 2357 883 2419 post
905 2356 1001 2405 haec
1024 2355 1233 2417 capiere,
1259 2370 1346 2402 nec
1368 2364 1473 2402 ante

261 2419 443 2482 Jupiter
468 2422 638 2469 absistet
657 2440 800 2483 cura,
829 2440 963 2485 quam
988 2424 1149 2470 cunfta
1168 2421 1339 2499 fugarit

261 2487 316 2533 In
342 2487 459 2548 Liby
466 2504 541 2535 am
565 2489 717 2549 bella,
753 2495 796 2537 &
816 2489 1097 2537 vincendum
1118 2487 1298 2536 duxerit
1321 2485 1417 2549 ipse

264 2551 508 2601 Sidonium
529 2554 608 2602 tibi
627 2557 863 2604 re&orem.
891 2555 1064 2603 Pudet!
1090 2555 1244 2602 urbis
1232 2555 1394 2619 iniquae
1414 2590 1426 2612 ,

132 2634 224 2685 515
265 2619 440 2683 Quod,
475 2621 570 2682 post
599 2621 722 2683 haee,
754 2622 891 2673 decus
925 2622 1014 2671 hoc
1031 2621 1309 2721 ,patriaque
1344 2619 1576 2684 domoque

485 2686 670 2738 careoit.
