1627 3056
431 117 1130 179 L1BERX111.
1402 125 1514 199 269

198 219 323 270 Nam
343 217 476 285 virgo
499 216 737 265 admonuit
754 232 933 278 tempus
955 214 1237 282 cognoscere
1261 215 1433 267 Manes

202 288 480 347 Femineos;
506 302 562 332 ne
589 287 886 333 &instantem
905 284 985 331 lux
1007 284 1128 330 alma
1144 297 1346 332 vocaret.

196 354 329 401 Felix
358 353 454 400 haec
473 391 486 413 ,
509 351 682 416 inquit,
711 350 908 401 Veneris
928 368 1065 398 nurus
1086 349 1245 398 ordine
1264 351 1409 419 longo
1425 391 1443 416 ,

65 428 160 474 810
196 419 461 486 Tro'igenas
484 418 633 481 junxit
654 417 818 466 sociata
839 418 970 480 prole
992 416 1185 466 Latinis·

262 487 350 538 Vis
372 493 412 535 &
436 485 705 552 Martigenae
726 485 953 533 thalamos
977 484 1175 548 spefiare
1196 484 1421 548 Quirini?

197 554 448 603 Hersiliam
469 571 605 602 cerne
630 573 640 600 :
670 553 862 601 hirsutos
881 570 1024 617 quum
1045 552 1280 615 sperneret
1297 553 1411 603 olim

199 621 332 669 Gens
355 621 509 669 vicina
533 638 698 684 procos
718 659 729 680 ‚
757 620 918 683 pastori
939 634 1068 683 rapta
1089 620 1256 668 marito
1275 658 1290 681 ,

196 689 475 753 Intravitque
497 688 607 736 casae
625 727 639 750 ,
667 689 901 752 culmique
927 706 952 735 e
976 688 1187 736 stramine
1205 686 1379 735 fultum

62 764 88 808 8
103 773 157 826 15
192 755 350 804 Preffit
371 757 472 804 laeta
492 771 673 815 torum,
701 761 742 804 &
764 755 945 803 soceros
970 754 1208 805 revocavit
1228 758 1284 803 ab
1307 753 1465 808 armis.

192 823 392 886 Adspice
421 822 678 872 Carmentis
700 823 867 890 greffus
889 842 899 870 ι
925 821 1158 872 Evandria
1180 837 1329 872 mater

194 891 313 939 Haec
333 892 419 940 fuit
436 930 448 950 ,
470 896 511 938 &
531 891 698 941 vestros
716 890 863 957 tetigit
882 890 1084 957 praesaga
1105 891 1304 941 laboreS.

195 957 282 1007 Vis
298 964 339 1007 &
356 976 467 1021 quos
481 957 715 1022 Tanaquil
730 959 882 1006 vultus
897 970 1053 1025 gerat?
1069 958 1166 1006 haec
1182 976 1367 1023 quoque
1382 957 1508 1010 caflae

193 1026 404 1091 Augurio
429 1024 572 1074 valuit
592 1024 757 1073 mentis
775 1065 787 1086 ,
810 1042 1098 1089 venturaque
1124 1024 1237 1073 dixit

62 1096 157 1141 820
194 1091 358 1158 Regna
381 1092 482 1141 viro
503 1130 517 1148 ,
542 1097 586 1140 &
607 1091 789 1140 dextros
811 1092 1000 1158 agnovit
1020 1092 1065 1140 in
1092 1091 1393 1147 aliteDiVOS.

256 1160 382 1208 Ecce
403 1198 415 1220 ,
442 1158 670 1222 pudicitiae
691 1159 878 1208 Latium
903 1159 1042 1208 decus
1061 1200 1072 1220 ,
1097 1160 1269 1224 inclyta
1294 1160 1376 1208 leti

191 1225 300 1274 Fert
320 1226 522 1275 frontem
545 1266 558 1287 ,
584 1240 718 1291 atque
736 1228 902 1290 oculos
928 1241 1054 1275 terrae
1073 1227 1290 1276 Lucretia
1311 1228 1443 1276 fixos.

189 1293 304 1342 Non
330 1294 481 1355 datur,
507 1294 621 1342 heu!
652 1293 765 1357 tibi,
787 1293 966 1356 Roma,
993 1312 1082 1344 nec
1099 1296 1188 1357 est,
1220 1295 1346 1360 quod
1363 1294 1507 1347 malle

446 1375 600 1409 eceret

196 1426 337 1476 Hanc
358 1428 547 1476 laudem
567 1427 762 1475 retinere
784 1425 876 1476 diu.
901 1425 1114 1494 Virginia
1133 1427 1258 1492 juxta
1272 1468 1286 1490 ‚

58 1494 152 1555 v825
193 1495 346 1543 Cerne
369 1535 382 1556 ,
407 1510 642 1544 cruentato
666 1495 835 1543 vulnus
854 1494 934 1542 sub
961 1497 1144 1558 pestore
1165 1496 1341 1560 servat,

192 1562 357 1611 Tristia
379 1563 549 1611 defensi
574 1563 698 1610 ferro
719 1561 1004 1611 monimenta
1026 1562 1238 1626 pudoris;

191 1629 251 1678 Et
272 1630 467 1693 patriam
490 1630 646 1677 laudat
663 1629 923 1678 miserando
944 1629 989 1677 in
1010 1630 1173 1678 funere
1192 1632 1420 1687 dextram.

188 1697 278 1744 Illa
300 1698 361 1745 est
380 1715 478 1761 quae
499 1696 730 1761 Thybrim
752 1735 762 1752 ,
793 1716 890 1762 quae
913 1696 1050 1764 fregit
1066 1698 1215 1762 Lydia
1235 1700 1357 1757 bella
1373 1740 1389 1764 ‚

190 1763 422 1813 Nondum
440 1762 561 1828 paffa
581 1781 758 1812 marem
778 1804 791 1826 ,
826 1766 981 1829 quales
1002 1769 1189 1828 optabat
1209 1767 1382 1817 habere

57 1835 152 1897 830
189 1831 442 1896 Quondam
464 1833 613 1880 Roma
634 1833 756 1880 viros
775 1868 787 1887 ‚
817 1833 1094 1882 contemtrix
1115 1832 1284 1893 Cloelia
1303 1834 1452 1886 sexds.

258 1898 421 1963 Quum
441 1899 583 1947 subito
601 1900 809 1962 adspmstu
834 1904 1036 1950 turbatus
1050 1937 1063 1958 ,
1087 1900 1242 1964 Scipio
1260 1903 1404 1965 poscit

187 1967 308 2030 Quae
333 1985 479 2030 poenae
501 1965 649 2015 caussa
670 2006 681 2026 ,
706 1972 747 2014 &
771 1968 846 2031 qui
867 1967 949 2016 lint
968 1967 1014 2016 in
1036 1968 1227 2018 crimine
1245 1971 1443 2023 Manes!

188 2033 318 2081 Tum
345 2035 504 2101 virgo3
528 2034 694 2094 patrios
715 2035 852 2101 fregit
870 2053 967 2099 quae
996 2036 1204 2084 curribus
1222 2052 1367 2101 artus,

187 2102 247 2149 Ft
268 2102 382 2150 stetit
399 2102 601 2150 adduffis
626 2101 757 2163 super
776 2121 851 2151 ora
873 2103 1115 2151 trementia
1133 2104 1298 2168 frenis,

52 2169 142 2230 835
181 2167 340 2217 Tullia
358 2209 369 2229 ‚
393 2188 484 2217 non
504 2170 621 2216 ullos
644 2169 743 2217 [atis
766 2171 1032 2218 exhaustura
1052 2172 1232 2220 labores
1250 2214 1263 2234 ‚

184 2234 382 2285 Ardenti
401 2237 703 2301 phlegetonte
725 2251 872 2285 natat:
895 2238 1159 2288 fornacibus
1182 2241 1287 2288 atris

183 2302 309 2350 Fons
328 2303 508 2365 rapidus
531 2303 669 2364 furit,
698 2319 833 2367 atque
852 2306 966 2354 ustas
992 2306 1071 2354 sub
1094 2307 1277 2375 gurgite
1301 2320 1460 2360 cautes

180 2369 366 2435 Egerit,
391 2376 432 2418 δι
455 2370 650 2432 scopulis
671 2372 816 2434 pulsat
836 2373 1132 2440 flagrantibus
1154 2393 1249 2427 ora.

184 2435 271 2483 Illa
293 2452 447 2485 autem
468 2455 567 2502 quae
590 2439 804 2488 tondetur
824 2442 1070 2502 praecordia
1092 2443 1230 2491 rostro

53 2506 147 2562 840
184 2501 319 2550 Alitis
336 2543 349 2564 ‚
370 2522 426 2551 en
442 2543 454 2565 ‚
478 2506 696 2568 quantiim
719 2506 897 2556 resonat
913 2509 1234 2577 plangentibus
1249 2510 1331 2559 alis

182 2568 403 2637 Armiger
422 2571 478 2619 ad
498 2572 644 2635 pastus
664 2573 840 2622 rediens
864 2574 894 2627 J
899 2577 996 2627 ovis
1015 2586 1024 2625 l
1048 2577 1247 2627 hostibus
1268 2596 1422 2632 arcem

182 2635 333 2705 Virgo
352 2678 365 2701 ‚
387 2638 589 2690 immane
612 2641 766 2695 nefas!
797 2642 1006 2696 adamato
1028 2645 1228 2710 prodidit
1248 2663 1359 2696 auro

1093 2711 1151 2761 M
1175 2711 1225 2782 iij
