1627 3056
168 219 228 255 «6
701 216 746 257 N
778 227 807 258 o
836 226 865 259 τ
895 222 939 258 AE
1055 256 1058 259 ,
1415 266 1417 268 ,
1470 244 1473 247 >

229 292 290 330 14.
321 277 531 334 clavigeri.
554 280 615 322 Ut
645 280 688 321 in
717 282 857 323 ovid.=
879 284 1047 324 Metam.
1076 282 1163 324 XV.
1191 280 1280 334 224.
1303 282 1402 325 Fast.
1429 284 1469 327 Ῐ.

169 344 263 378 228.
292 335 353 373 Sic
384 336 572 377 Haedus.
598 337 726 375 Drak.
756 338 864 377 Male
896 351 927 376 c.
952 339 1043 377 Col.
1070 342 1108 378 &
1142 338 1307 379 Modius
1336 340 1470 379 corni-

164 389 264 440 geri.
293 388 442 441 Agitur
470 388 521 428 de
551 391 704 443 templo
733 391 918 431 Herculis
947 391 1143 432 Gaditani
1163 423 1174 441 ‚
1206 406 1248 433 ut
1275 408 1316 434 v.
1339 410 1381 445 4.
1410 394 1470 435 ib.

164 453 382 482 veneratus.
415 443 508 482 Vid.
535 445 637 483 Livi.
661 445 790 484 XXII.
813 459 845 484 c.
875 458 938 484 21.

225 514 237 537 1
254 511 271 543 5
307 496 475 537 Onerat.
502 499 533 536 E
559 499 732 551 Virgilio
751 529 761 546 ,
791 500 838 539 X.
863 505 954 538 620.

225 565 288 596 19.
315 550 433 591 Hinc.
465 554 565 591 Tres
594 553 739 604 scripti.
769 549 911 591 Glossa
938 566 970 592 c.
996 552 1047 593 T.
1072 553 1223 593 exhinc.
1245 553 1355 593 Male
1378 553 1468 594 aliie

161 600 255 650 laic,
283 605 331 642 ab
358 604 446 651 Ιιῖο,
473 603 617 645 omissa
639 606 736 645 notai
761 607 946 645 sollemni
975 619 1110 645 errore
1134 608 1430 648 Librariorum.

220 670 270 696 22
315 658 519 698 Femineos
537 691 546 706 ,
576 664 615 699 ὃς
647 674 684 701 ν.
715 661 793 712 seq.
821 659 933 701 Sues.
959 659 1062 698 Vide
1089 660 1200 701 Gell.
1228 662 1255 700 1.
1282 660 1335 699 11.
1363 675 1396 700 c.
1426 667 1471 703 6.

160 709 289 750 Macr.
315 715 443 751 Satur.
468 714 501 752 L
533 726 595 752 ιε,
618 717 656 752 &
682 713 759 752 alia
780 714 822 751 in
850 714 976 751 Drak.
1014 714 1172 767 Cuique
1198 715 1292 753 Deo
1318 715 1381 753 sua
1403 716 1464 753 su-

156 765 354 815 perstitio.
371 765 623 808 SicaDianae
642 768 754 806 sacris
774 767 866 819 equi
885 779 1068 806 arcentur
1087 768 1126 805 in
1146 768 1360 821 Virg.VlI.
1374 782 1469 818 779.

216 826 281 857 26.
317 819 442 858 Tura,
474 822 594 860 Rene
626 822 753 860 Drak.
781 823 882 859 Non
908 825 1034 860 thura.
1065 822 1176 861 Male
1201 820 1415 861 deducitur
1445 822 1467 861 ax

161 872 236 916 Off.
269 874 362 912 Vox
387 875 441 913 est
468 875 608 914 celtica
632 886 717 928 tyr,
744 874 795 914 de
818 875 939 927 resin&
957 875 1110 929 quavis.
1138 877 1246 916 Hinc
1267 887 1355 925 tur,
1378 887 1440 916 tus
1456 905 1469 924 ,

159 936 207 965 tlt
228 926 372 975 labor,
402 927 527 967 labos.

179 1024 182 1027 ,
223 994 284 1026 30.
313 981 440 1021 Nota.
474 983 536 1021 Sic
570 981 738 1034 antiqui.
770 983 872 1021 Non
898 993 992 1022 vota
1010 996 1052 1021 ut
1073 982 1205 1021 innuit
1227 982 1438 1034 Heynfius‚

218 1048 281 1080 33.
312 1035 446 1075 Nexu-
478 1038 600 1076 Rene
631 1035 817 1076 defendit
845 1037 973 1076 Drak.
1001 1036 1051 1076 de
1076 1037 1243 1076 brachiis
1273 1039 1463 1076 artiflime

156 1090 528 1140 comprimentibus.
566 1092 667 1129 Non
703 1089 789 1128 vidi
826 1089 868 1128 in
903 1092 987 1129 ullo
1022 1090 1127 1130 libro
1167 1090 1278 1130 nixu.
1308 1091 1466 1132 Confer

156 1142 287 1182 Ovid.
321 1145 490 1185 Metam.
523 1144 594 1182 lx.
633 1152 695 1190 58.
729 1147 868 1183 Senec.
896 1143 947 1184 de
970 1143 1146 1184 Benefic.
1179 1145 1206 1184 1.
1237 1145 1331 1184 VH.
1359 1159 1394 1185 c.
1430 1159 1465 1186 1.

157 1199 197 1236 ὃ(
221 1197 299 1236 alia
322 1212 409 1251 quae
438 1198 480 1237 in
507 1198 631 1236 Drak‚

213 1266 275 1297 35.
299 1251 475 1305 Stygius.
503 1252 611 1290 Male
641 1248 761 1290 offert
775 1251 934 1304 stygias
959 1265 979 1291 e
1011 1251 1245 1291 ssurmanno
1268 1252 1398 1294 Drak.

213 1319 277 1350 39.
312 1306 449 1346 Cervi(
471 1305 706 1344 Sic‘omnes
732 1307 896 1358 scripti,
930 1308 978 1345 R.
1012 1321 1046 1345 1.
1079 1320 1122 1346 2.
1154 1310 1193 1346 &
1220 1307 1352 1358 plures
1375 1305 1464 1346 alii.

153 1357 307 1400 Ptaeter
333 1359 456 1399 fidem
497 1357 597 1399 edit.
634 1361 760 1399 Drak.
794 1375 932 1399 εει-να.
969 1360 1223 1399 Falfiffimum
1259 1359 1370 1412 quod
1403 1362 1463 1401 ait

114 1450 117 1453 .
151 1411 421 1453 Broekliufius
438 1445 448 1460 ,
479 1427 623 1465 nempe
648 1414 813 1453 Latinos
839 1415 963 1453 dicere
989 1414 1161 1466 maluisse
1179 1429 1331 1453 cervam
1349 1413 1466 1466 quc‘zm

150 1479 321 1507 cervum.
352 1469 534 1508 Plurima
558 1468 648 1507 loca
673 1481 695 1508 e
722 1469 858 1507 Plinio
887 1469 1052 1521 aliisque
1074 1470 1172 1507 bene
1200 1469 1336 1507 multis
1361 1482 1462 1508 con·

153 1522 275 1560 traria
306 1523 396 1561 huic
430 1522 636 1563 sententiae
664 1521 816 1574 poss'em
849 1522 1019 1561 adferre.
1053 1524 1141 1561 Nec
1171 1522 1352 1562 Pindaro
1385 1522 1463 1562 soli

150 1573 399 1616 credendum
432 1577 500 1629 qui
532 1589 609 1629 qua
638 1577 758 1628 poeta
789 1575 900 1630 quod
929 1577 1089 1615 lubebat
1117 1575 1266 1629 fingere
1298 1578 1460 1629 potuit,

151 1642 194 1669 ut
219 1629 338 1669 Silius
355 1630 469 1682 fingit
483 1644 634 1670 cornua
650 1632 763 1678 hujus
779 1631 1084 1682 cervifuperqſje
1099 1630 1204 1670 altos
1227 1645 1370 1670 ramos.
1386 1630 1462 1670 Ast

147 1683 193 1721 in
215 1696 265 1722 eo
286 1685 464 1723 constitit
478 1683 709 1736 prodigium
726 1684 857 1736 ‚quod
874 1685 1068 1724 Hercules
1084 1715 1094 1729 ,
1110 1698 1152 1723 ut
1168 1685 1349 1724 Achilles
1367 1684 1463 1724 teste

146 1735 328 1777 Pindaro
344 1768 354 1784 ‚
386 1739 495 1776 cursu
521 1751 676 1776 cervum
699 1737 978 1788 velociffi'mum
1010 1738 1202 1790 attigerit.
1236 1740 1326 1778 Nec
1348 1737 1460 1778 aliud

116 1804 123 1810 ’
147 1790 283 1830 innuit
309 1792 512 1842 aeripedem
531 1821 542 1838 ‚
575 1789 617 1830 id
649 1790 703 1831 est
721 1821 731 1837 ,
759 1806 780 1831 e
807 1793 919 1830 sensu
946 1792 1184 1831 Graecorum
1205 1792 1454 1839 χαλκόποέοι,

148 1843 228 1884 five
253 1845 486 1899 ἲχυρὸπεῶα,
522 1857 564 1883 ut
592 1847 695 1884 reste
718 1846 906 1885 observat
935 1845 1134 1899 Scaliger,
1166 1847 1271 1886 Lect,
1299 1846 1460 1887 Auson.

145 1898 172 1937 i.
202 1898 236 1938 Ι.
264 1913 298 1939 c.
328 1907 394 1938 16.
419 1899 519 1938 edit.
545 1898 705 1950 Gryph.

199 1963 267 2002 42.
296 1952 458 1993 Amnis.
488 1951 550 1990 Sic
581 1951 770 1992 Hu'etius.
802 1951 956 2001 Heyns.
989 1951 1031 1990 in
1066 1951 1254 1992 omnibus
1282 1953 1458 2006 antiquis

138 2007 287 2047 omnis.
315 2007 429 2046 Talis
462 2018 576 2044 error
601 2019 763 2046 noratus
796 2019 818 2044 a
845 2006 1066 2045 Gronovio
1096 2007 1139 2045 in
1166 2008 1274 2045 notis
1301 2007 1457 2047 Graevii

143 2061 198 2100 ad
224 2060 366 2101 Justin.
396 2061 423 2101 l.
452 2060 556 2100 XLI.
586 2073 619 2100 c.
650 2074 683 2106 3.
715 2058 782 2099 ubi
807 2061 911 2099 male
943 2059 1121 2099 omnibus
1154 2075 1228 2112 pro
1261 2062 1458 2102 amnibus.

142 2116 296 2155 Locum
315 2114 403 2156 Silii
421 2114 596 2164 feliciter
613 2114 783 2154 restituit
805 2113 1017 2167 Heynfius.
1042 2115 1109 2155 De
1130 2115 1321 2155 Acheloo
1342 2116 1461 2155 fron-

146 2182 229 2209 tem
257 2182 451 2208 truncato
476 2168 594 2207 multi
623 2170 711 2208 sunt
735 2171 880 2220 poetae.

199 2239 266 2273 47.
295 2224 497 2277 Injeffum.
523 2223 587 2262 Sic
613 2237 646 2264 c.
673 2224 724 2264 T.
748 2223 798 2262 R.
818 2236 857 2263 2.
887 2223 979 2261 Nec
1008 2233 1151 2261 mutat.
1181 2232 1201 2260 c
1227 2219 1319 2262 Col.
1344 2221 1456 2262 Aliis

140 2276 356 2324 inveffum,
382 2276 578 2317 inventum
596 2308 611 2325 ,
638 2277 837 2317 inneaum.
864 2277 986 2315 Male.

202 2345 266 2377 59.
301 2330 431 2372 Luna.
462 2331 619 2383 Opinio
650 2330 847 2377 Cartefii,
874 2330 1018 2370 eadem
1051 2342 1095 2370 ac
1124 2329 1290 2381 Pytheae
1318 2328 1456 2369 Maffi-

141 2383 288 2425 neniis.
311 2385 484 2425 Plutarc.
512 2385 563 2424 de
586 2385 731 2424 Placit.
758 2385 908 2424 Philos.
928 2386 952 2423 l.
980 2383 1063 2424 ΠΙ.
1091 2397 1124 2422 c.
1156 2397 1215 2434 ¹7·
1235 2385 1455 2424 Newtonis

123 2437 278 2478 ¹autem
310 2440 436 2477 exstat
461 2440 502 2477 in
530 2439 688 2485 Plinio,
714 2439 821 2477 1.›11.
843 2452 875 2477 c.
899 2454 965 2488 97.
1347 2465 1351 2467 >

193 2498 258 2538 65.
282 2492 446 2531 Amore.
474 2493 612 2533 Placet
640 2494 702 2532 hic
735 2491 902 2533 sincerus
929 2505 1046 2532 amor
1073 2491 1289 2544 conjugum
1307 2521 1320 2539 ,
1347 2504 1389 2531 ut
1408 2491 1454 2532 in

137 2544 314 2587 Homer.
347 2546 396 2585 Il.
424 2548 491 2584 IX.
519 2561 610 2596 340.

192 2606 257 2639 66.
274 2597 327 2638 In
345 2614 423 2639 ore.
455 2601 518 2640 Sic
536 2600 719 2654 antiqui,
748 2599 820 2639 nisi
851 2613 988 2640 errore
1015 2600 1057 2639 in
1087 2600 1138 2639 R.
1163 2613 1202 2641 2.
1229 2613 1357 2647 more,
1382 2598 1453 2639 ubi

115 2657 177 2693 'm
197 2667 272 2705 pro
297 2653 350 2692 in.
381 2654 492 2693 Male
518 2655 607 2694 aliis
631 2660 683 2694 ad
709 2670 811 2702 ora;
837 2657 945 2706 pejus
970 2655 1011 2694 in
1032 2668 1116 2694 ora.

193 2715 256 2746 80.
287 2707 405 2747 Belli.
435 2709 495 2747 Ut
528 2708 571 2746 in
610 2710 755 2761 virgil.
791 2708 845 2747 11.
886 2716 972 2756 363.
1002 2709 1149 2762 pignus
1177 2707 1305 2758 pacis,
1338 2706 1458 2758 Mak-

135 2757 271 2809 innuit
294 2761 406 2807 hellis
438 2762 588 2819 Heyns.
612 2763 694 2809 Dic
713 2763 756 2809 in
777 2763 922 2806 bellum
937 2794 950 2815 ,
978 2776 998 2807 e
1019 2763 1130 2806 sensu
1153 2775 1194 2811 v,
1221 2770 1288 2810 85.
1310 2761 1392 2819 seq.
