1627 3056
492 230 844 286 Ltnfitt
927 230 998 302 X.
1387 238 1497 314 189

169 325 343 390 Aspera
361 366 372 387 ,
397 325 427 375 fi
454 329 703 376 occumbat
727 326 913 375 dufiore
941 326 1170 390 superstite
1195 327 1354 379 Poeno,

68 411 126 455 45
233 397 392 460 Quam
419 413 628 443 metuens
655 395 832 443 molem
862 397 1057 464 (neque
1083 397 1210 444 enim
1238 399 1489 448 certamine

373 462 524 510 sumto

126 538 129 541 '
173 528 447 593 Tempestas
472 545 595 579 tanta
611 571 622 593 ,
648 535 689 579 8<
712 529 857 578 rabies
882 529 1070 593 impune
1096 531 1310 599 fuissent)

167 598 221 646 In
244 598 415 648 faciem
439 600 596 662 pavidi
624 599 747 651 Juno
775 598 995 646 conversa
1023 601 1241 662 Metelli3

172 665 303 730 Quid
329 685 501 730 vanos,
527 666 698 731 inquit,
718 666 853 716 Latio
874 667 973 730 spes
997 668 1133 716 unica
1156 667 1334 718 Consul

175 734 499 799 Incaffumque
528 752 689 783 moves
704 774 717 796 ,
740 735 837 784 fato
860 751 1082 784 renuente
1102 776 1114 798 ,
1144 736 1355 786 furores?

79 819 134 862 50
171 801 220 851 Si
244 803 437 865 superest
462 804 653 852 Paullus
669 842 682 862 ,
704 804 866 851 restant
889 801 1064 851 AEne'ia
1088 821 1230 870 regna
1251 844 1264 866 ,

171 870 251 918 Sin
278 872 433 932 secus,
461 871 713 919 Ausoniam
748 888 904 919 tecum
933 871 1071 920 trahis
1096 892 1106 920 :
1141 874 1205 920 ire
1231 889 1493 925 tumentem

171 938 252 986 Tu
279 956 439 988 contra
460 939 679 1003 juvenem
696 979 708 1000 ,
729 945 770 988 δε
791 955 928 1003 caput
951 940 1040 988 hoe
1064 939 1298 988 abscidere
1320 946 1456 990 rebus

174 1005 394 1054 Turbatis
409 1048 420 1067 ‚
447 1026 473 1055 o
496 1008 657 1056 Paulle
675 1049 686 1068 ‚
709 1025 838 1070 paras
859 1019 872 1054 ἓ
894 1025 1018 1056 nunc
1039 1007 1279 1056 Hannibal
1303 1009 1410 1072 ipfi,

175 1073 333 1136 (Tam
355 1076 481 1123 laetus
505 1077 632 1123 bello
659 1077 751 1135 est)
779 1076 888 1123 ausit
914 1091 1089 1124 certare
1114 1075 1337 1127 Tonanti.

80 1155 133 1202 55
174 1141 232 1188 Et
258 1142 350 1204 jam
379 1143 645 1206 (conversis
670 1143 766 1193 vidi
794 1158 902 1191 nam
932 1145 1109 1191 Ηεέὶεῑθ
1136 1144 1362 1204 habenis)

174 1209 327 1257 Evasit
350 1209 530 1269 Varro,
556 1228 609 1259 ac
637 1211 731 1259 sese
755 1211 811 1258 ad
838 1211 1029 1259 meliora
1055 1212 1272 1261 reservat.

173 1276 240 1325 Sit
267 1277 462 1341 spatium
490 1278 620 1327 fatis:
647 1285 716 1339 Bt,
744 1280 854 1327 dum
881 1279 1041 1339 datur,
1072 1280 1199 1343 eripe
1225 1282 1318 1328 leto

173 1343 316 1393 Hanc
336 1345 490 1393 nostris
509 1345 735 1406 maiorem
755 1347 980 1394 animam:
1000 1365 1109 1395 mox
1131 1349 1253 1396 bella
1276 1347 1493 1411 capesses,

241 1412 318 1461 Ad
343 1431 439 1477 quae
468 1413 688 1476 suspirans
715 1415 896 1470 duetor,
921 1430 1180 1463 mortemne
1205 1416 1283 1463 sub
1314 1417 1453 1464 armis

77 1485 137 1526 60
174 1477 272 1528 Cur
290 1482 503 1544 poscam,
525 1480 660 1530 causa
680 1483 756 1530 ista
774 1500 936 1545 parum
955 1483 1015 1530 est
1030 1520 1044 1539 ,
1065 1484 1186 1547 quod
1208 1484 1311 1532 talia
1333 1484 1492 1531 nostrae

175 1548 452 1597 Pertulerint
474 1567 603 1598 aures
630 1549 894 1598 suadentem
920 1551 1115 1599 monstra
1143 1551 1390 1600 Metellum
1411 1562 1431 1598 ‚²

177 1617 228 1676 I,
252 1616 468 1677 demens,
492 1617 531 1677 i,
555 1635 719 1680 carpe,
748 1617 909 1685 fugam
936 1637 944 1664 :
975 1636 1067 1666 non
1091 1619 1256 1666 hostica
1279 1621 1374 1667 tela

174 1683 389 1747 Excipias
413 1700 542 1752 tergo
561 1726 572 1744 ‚
596 1686 795 1748 Superos
819 1702 983 1748 precor
1006 1706 1016 1733 ε
1044 1685 1222 1753 integer
1238 1726 1249 1745 ‚
1280 1705 1359 1734 oro
1378 1725 1392 1747 ,

177 1752 465 1816 Intafleusque
493 1756 651 1814 abeas,
679 1768 815 1816 atque
840 1753 976 1802 intres
1002 1753 1171 1802 moenia
1198 1755 1358 1803 Romae

78 1824 136 1879 65
177 1819 301 1868 Cum
327 1820 539 1869 Varrone
567 1821 715 1869 fimul.
739 1821 923 1881 Talin',
947 1821 1229 1888 pavidisiime
1247 1862 1258 1883 ,
1285 1822 1482 1890 dignum
1528 1846 1532 1850 ·

176 1888 262 1936 Me
284 1887 377 1936 vitcl
395 1928 408 1948 ,
430 1887 716 1952 pulchrfitque
737 1889 980 1955 indignum
1007 1904 1155 1938 morte
1178 1891 1340 1952 putasti
1360 1902 1374 1938 ἓ

177 1956 369 2020 Quippe
394 1956 494 2005 finit
517 1957 684 2008 Poenus
701 1997 712 2016 ‚
739 1956 818 2021 qui
843 1975 965 2005 nunc
991 1957 1216 2005 contraria
1243 1958 1366 2006 bella

176 2023 264 2084 Ipsi
286 2024 403 2072 ferre
426 2023 536 2077 Jovi
561 2025 714 2073 valeat
736 2033 744 2070 ἰ
775 2026 858 2085 pro
884 2026 1085 2091 degener
1110 2025 1209 2073 alrae

177 2090 372 2140 Virtutis
399 2107 580 2155 patrum
604 2111 616 2139 ε
647 2091 828 2155 quando
854 2107 1085 2140 certamen
1109 2093 1251 2154 inire,

77 2173 141 2214 70
177 2159 328 2208 Cuive
351 2161 453 2209 viro
475 2160 668 2207 mallem
691 2173 865 2207 memet
885 2177 1192 2222 componere,
1217 2158 1355 2224 quarn
1377 2159 1458 2226 qui

179 2227 238 2276 Et
259 2226 401 2276 viRtts
428 2227 576 2281 dabit,
601 2233 644 2275 &
668 2226 810 2275 vistor
834 2245 916 2290 per
940 2227 1092 2277 secula
1114 2239 1317 2276 nomen?

97 2307 107 2316 ‘
179 2294 378 2343 Talibus
404 2294 645 2356 increpitat
662 2333 674 2354 ‚
699 2294 964 2360 mediosque
987 2295 1191 2344 aufertur
1212 2296 1257 2342 in
1283 2295 1457 2358 hostes,

177 2362 254 2410 Ac
277 2377 396 2411 retro
422 2362 604 2411 cursum
629 2362 896 2410 tendentem
923 2363 980 2410 ad
1008 2365 1169 2411 crebra
1190 2363 1375 2411 suorum

179 2430 385 2497 Agmina
401 2467 416 2488 ,
436 2436 478 2478 &
498 2430 542 2478 in
568 2430 710 2479 denfis
732 2430 962 2479 furantem
981 2434 1189 2479 membra
1210 2431 1427 2494 maniplis

81 2509 144 2557 75
180 2497 270 2545 Per
293 2498 502 2546 conferta
525 2497 702 2558 virum,
732 2503 773 2547 δε
799 2498 954 2562 stipata
979 2500 1256 2548 umbonibus
1282 2517 1409 2547 arma

182 2564 491 2630 Consequitur
506 2565 670 2615 melior
684 2567 841 2630 planta
852 2608 866 2631 ,
888 2583 1023 2634 atque
1042 2570 1285 2616 obtruncat
1307 2566 1495 2618 Acher-

389 2651 503 2683 ram.

183 2699 257 2750 Ut
280 2701 404 2750 canis
428 2702 633 2750 occultos
654 2702 796 2771 agitat
816 2720 961 2768 quum
981 2703 1182 2753 Bellicus
1203 2719 1338 2766 apros
1352 2739 1370 2766 ,

184 2767 462 2838 Erret-esque
480 2771 588 2822 ferae
609 2770 765 2822 sollers
788 2790 873 2838 per
895 2772 1030 2826 devia
1051 2769 1205 2822 mersa
