1627 3056
193 191 304 268 308
553 195 812 262 S1L11
891 208 1291 275 Izi-Atrei

330 286 578 340 Gallorum
601 311 624 341 a
647 300 827 362 populis
851 303 1000 354 servat
1027 324 1109 369 per
1131 309 1280 360 {ecula
1302 320 1496 372 nomen?

325 354 395 402 Ni
416 374 608 421 propere
626 364 820 431 alipedes
839 371 956 433 rapis
975 374 1031 421 ad
1049 378 1294 427 certamina
1313 395 1508 447 turmas,

199 432 286 481 555
325 421 459 470 Serus
481 425 636 477 deletae
661 435 755 493 post
780 437 1053 489 auxiliabere
1075 442 1248 494 Romae.

324 489 496 555 Surge,
526 511 637 560 age3
661 499 730 547 fer
747 503 930 568 gressus.
952 506 1134 557 Patulos
1152 512 1338 577 regione
1359 515 1559 569 Metauri

321 555 560 609 Damnavi
579 568 766 615 tumulis
789 570 1037 621 Poenorum
1060 591 1193 640 atque
1220 577 1382 628 osfibus
1404 600 1550 650 agros,
1603 595 1606 597 ’

319 620 409 669 His
430 624 553 674 diffis
579 632 695 694 abit,
721 649 855 699 atque
879 678 891 698 ,
916 641 1184 704 abscedens,
1205 645 1298 694 visa
1321 664 1571 709 paventem

321 689 564 741 Attrahere
584 737 596 757 ‚
617 703 657 746 &
678 699 826 750 fractis
849 720 1019 754 turmas
1041 712 1298 773 propellere
1319 717 1475 785 portis,

182 1093 270 1148 565
312 1091 510 1157 Quaque
538 1097 655 1157 jacet
678 1101 825 1166 superi
843 1107 1034 1158 Larinas
1064 1115 1223 1161 accola
1242 1116 1394 1178 ponti,

310 1158 417 1222 Qua
439 1161 538 1209 duri
561 1167 682 1215 bello
704 1187 814 1236 gens
837 1173 1126 1239 Marrucina,
1147 1180 1377 1246 fidemque

306 1225 488 1275 Exuere
512 1229 718 1283 indocilis
739 1238 867 1286 sociis
884 1240 1136 1294 Frentanus
1156 1247 1199 1294 in
1222 1250 1372 1298 armis.

303 1291 432 1340 Tum
453 1333 464 1353 ,
488 1300 575 1359 qua
595 1301 800 1352 vitifer-os
823 1306 1013 1358 domitat
1034 1312 1240 1361 Praetutia
1259 1319 1402 1377 pubes
1419 1357 1432 1378 ‚

302 1358 430 1408 Laeta
454 1362 619 1414 laboris
637 1404 647 1423 ‚
671 1386 827 1436 agros,
849 1379 889 1421 &
909 1378 1057 1437 pennfr
1073 1419 1084 1438 ,
1109 1385 1150 1427 ὃς
1169 1380 1384 1443 fulmine,
1409 1391 1451 1434 δέ
1470 1388 1602 1437 undiS

171 1436 264 1481 5⁶70
301 1426 537 1490 Hybernis
554 1472 565 1492 ‚
591 1440 632 1482 &
656 1437 952 1490 Acbaemenio
976 1446 1181 1495 velocior
1207 1466 1314 1497 arcu

298 1493 483 1546 Evolat.
507 1498 731 1552 Hortator
753 1506 830 1554 fibi
851 1510 1066 1576 quisque3
1091 1532 1174 1581 age
1191 1555 1202 1574 ,
1220 1534 1387 1584 perge,
1403 1518 1597 1572 salutem

297 1561 513 1613 Ausoniae
536 1570 752 1633 ancipites
773 1575 960 1638 Superi,
981 1585 1022 1628 &
1037 1619 1049 1641 ‚
1072 1581 1151 1629 stet
1173 1582 1319 1632 Roma
1334 1623 1347 1646 ‚
1377 1587 1592 1653 cadatne,

295 1629 348 1675 In
373 1629 562 1691 pedibus
583 1639 771 1697 posuere
793 1642 877 1690 tuis
893 1684 903 1704 ‚
931 1646 1220 1712 clamantque
1237 1691 1249 1712 ‚
1273 1668 1513 1719 ruuntque.

291 1694 524 1747 Hortandi
546 1719 689 1768 genus
710 1725 816 1756 acer
841 1710 977 1760 habet
997 1717 1252 1776 praecedere
1270 1720 1444 1770 dustor.

155 1767 250 1818 ⁴575
289 1762 428 1810 illum
445 1804 456 1823 ,
482 1783 652 1835 augent
671 1774 823 1822 cursus
844 1815 853 1833 ,
877 1778 1012 1829 adnisi
1033 1799 1210 1845 aequare
1233 1785 1488 1849 sequend0‚

285 1827 442 1893 Atque
465 1831 670 1884 indefessi
692 1843 962 1905 noaemque
993 1847 1204 1912 diemque
1228 1852 1452 1903 feruntur.

355 1897 420 1944 At
437 1898 588 1950 Roma
605 1904 775 1954 adversi
795 1910 968 1960 tantum
982 1954 994 1975 ‚
1014 1933 1071 1961 en
1087 1955 1098 1975 ‚
1120 1918 1240 1965 mala
1266 1920 1455 1986 gliscere
1474 1923 1590 1979 belli

283 1961 557 2028 Accipiens,
578 1972 801 2034 trepidare
821 1993 946 2027 metu
967 2020 978 2040 ,
1004 1982 1288 2049 nimiumque
1312 1987 1552 2042 Neronem

282 2030 535 2093 Speraviffe
555 2039 710 2103 queri,
734 2058 869 2107 atque
897 2064 990 2094 uno
1019 2048 1096 2097 sibi
1122 2053 1313 2101 vulnere
1342 2055 1463 2118 posse

153 2094 245 2152 580
278 2096 466 2147 Aufer-ri
483 2105 720 2156 restantem
740 2110 953 2161 animam.
971 2115 1083 2162 Non
1105 2135 1229 2167 arma
1248 2159 1259 2180 ,
1285 2139 1370 2170 nec
1393 2141 1578 2188 aurum,

280 2163 388 2213 Nec
413 2171 585 2229 pubem
599 2207 615 2230 ‚
637 2192 724 2224 nec
745 2195 882 2240 quern
901 2181 1093 2231 fundant
1111 2184 1329 2247 superesse
1348 2207 1577 2243 cruorem.

276 2230 466 2283 Scilicet
483 2237 786 2291 Asdrubalem
807 2245 995 2297 invadat
1010 2290 1021 2311 ‚
1045 2251 1122 2315 qui
1142 2252 1196 2300 ad
1214 2254 1372 2315 proelia
1393 2257 1474 2306 soli

277 2296 535 2352 Hannibali
557 2305 655 2355 satis
675 2309 760 2357 esse
781 2314 940 2377 nequit
960 2327 973 2362 ἓ
1001 2317 1094 2380 jam
1115 2320 1260 2368 rursus
1276 2361 1288 2382 ,
1307 2323 1386 2371 ubi
1405 2343 1530 2376 arma

274 2363 500 2418 Avertiffe
530 2373 607 2419 suo
635 2378 844 2440 cogn-&rit
867 2381 1000 2431 devia
1021 2385 1167 2447 va110‚

138 2429 232 2490 585
268 2428 514 2484 Haesurum
537 2441 675 2500 portis
697 2439 892 2495 Poenum
923 2469 933 2498 ε
962 2451 1160 2513 venisse,
1189 2453 1382 2517 superbo

271 2497 370 2559 Qui
390 2501 514 2552 fratri
532 2522 697 2569 certet,
722 2514 793 2560 cui
818 2515 1018 2565 maxima
1037 2519 1182 2584 gloria
1205 2522 1338 2569 cedat

271 2561 413 2615 Urbis
437 2569 594 2620 deletae
623 2595 633 2623 ε
664 2577 818 2628 fremit
841 2600 997 2633 amens
1027 2587 1164 2634 corde
1187 2586 1265 2636 sub
1288 2589 1379 2636 imo

269 2628 406 2682 Ordo
429 2636 611 2687 Parrum
630 2681 642 2700 ‚
665 2661 719 2693 ac
744 2664 913 2714 magno
935 2650 1105 2700 interea
1139 2656 1379 2705 meditatur
1405 2674 1560 2710 amore

262 2695 485 2756 Servandi
503 2705 698 2774 decoris,
724 2730 923 2778 quonam
949 2719 992 2768 {e
1014 2720 1106 2771 fine
1125 2721 1315 2778 minanti
