1627 3056
349 155 428 192 IN
486 149 842 189 TEXTUM.
897 145 1023 186 Liss.
1081 145 1129 184 V.
1340 159 1390 198 37

96 225 179 256 von
210 212 324 254 Born
353 214 405 254 ad
440 213 517 254 iter
554 212 618 252 Cl.
657 213 787 266 Pailas
813 229 823 251 ε
854 212 929 251 iter
957 212 1142 251 Gmelini
1169 210 1212 248 in
1244 212 1396 265 sylloge

96 268 281 308 nostratis
313 267 491 314 Prev6t‚
523 279 549 305 t.
580 267 734 307 xvm.
762 281 800 319 p.
837 282 899 315 79.
936 280 1005 311 171
1046 265 1115 304 Ast
1136 277 1229 303 ante
1253 277 1397 305 omnes

96 322 264 374 Hispani
281 322 416 361 Ulloae
434 320 622 360 Noricias
643 320 920 367 Ατηενὶσαηαε,
936 318 1094 358 Matriti
1114 333 1236 368 1774>
1250 332 1285 369 p.
1304 332 1396 367 375:

95 376 164 427 qui
191 376 291 413 libet
321 376 390 413 vix
421 373 527 425 apud
553 387 626 412 nos
660 388 806 421 notus,
836 373 1021 413 nondum
1046 374 1179 412 versus
1207 373 1249 409 in
1275 372 1397 410 aliam

94 429 288 480 linguam.
319 427 514 467 Adferam
539 429 644 466 hunc
667 429 817 466 locum.
834 442 865 462 ε
884 426 1096 466 Conocian
1122 425 1301 478 aquellos
1327 425 1397 463 In-

93 480 274 521 dios-del
294 481 405 521 Pet-1¹1.
420 482 476 521 las
496 482 663 521 mezclas
685 481 736 520 de
759 483 819 521 Ios
842 481 1006 520 metales
1029 493 1080 519 en
1099 481 1246 532 alguna
1260 491 1399 530 parte5

80 550 118 586 -y
148 537 185 575 se
215 535 432 575 manifiesta
462 550 513 575 en
541 536 604 574 los
632 535 788 575 colores
821 535 872 575 de
898 535 954 573 las
984 534 1113 586 piezas
1141 546 1218 585 que
1250 534 1288 571 se
1318 533 1398 571 han

79 589 322 641 explicatio.
347 591 458 630 Unas*
482 592 553 628 son
578 588 787 629 colotadas
805 619 815 635 ,
843 587 1006 628 tisando
1029 587 1065 626 al
1089 586 1156 626 del
1179 586 1300 625 cobre
1324 598 1398 624 na-

95 644 196 682 tural
227 659 237 683 ε
262 656 368 682 octas
399 644 598 682 amarillas
625 656 747 683 como
775 643 811 683 el
839 644 950 682 laton
974 658 982 681 :
1011 657 1035 692 y
1060 652 1173 679 entre
1197 639 1296 679 estos
1324 639 1399 678 dos

41 716 50 724 .
93 712 119 748 y
145 699 223 748 hay
253 696 457 742 variedad.
488 697 599 737 Unas
627 698 756 749 piezas
783 698 854 735 son
887 709 969 734 mas
990 693 1193 747 parecidas
1217 695 1254 731 al
1283 694 1399 732 laton

95 765 173 803 que
208 764 330 790 otras.
366 752 471 790 Pero
504 764 554 790 en
584 750 700 790 rodas
742 750 836 789 ellas
869 752 906 789 se
937 761 1077 801 repara
1106 761 1183 800 que
1215 747 1270 786 sm
1302 746 1400 785 estat

95 805 288 844 cubiettas
310 803 361 843 de
388 807 510 844 berun
532 805 682 858 alguno
701 817 758 844 no
780 805 886 842 crian
910 802 1053 842 verdin
1069 831 1080 849 ,
1103 815 1129 840 0
1149 800 1396 847 cardeni1103

93 858 266 897 sacando
283 859 320 897 se
335 857 387 897 de
407 859 486 897 ello
504 871 581 911 que
600 859 637 898 la
662 859 812 896 mezcla
830 870 907 911 que
926 858 980 895 les
997 855 1149 908 poni-an
1165 868 1232 893 era
1248 855 1301 893 tal
1321 867 1401 906 que

95 911 564 957 mudabasenteramente
589 913 626 950 Ia
648 911 840 964 qualidad
863 910 929 950 del
954 911 1100 956 cobte‚
1130 908 1402 962 ignorandose

94 966 178 1005 esto
201 968 367 1006 secreto.
389 989 420 996 —
442 968 566 1006 En'el
595 968 749 1017 tiempo
779 965 958 1017 presente
988 977 1028 1004 es
1058 977 1111 1001 un
1139 964 1281 1002 asunto
1305 975 1401 1014 para

94 1021 196 1059 enos
223 1019 497 1060 desconocido
527 1021 563 1060 la
588 1019 826 1067 fundicion,
853 1034 877 1070 y
903 1019 941 1057 la
970 1017 1118 1056 mezcla
1142 1015 1192 1055 de
1222 1016 1284 1055 los
1312 1028 1400 1054 me-

94 1075 218 1121 tales,
251 1076 288 1113 el
323 1073 451 1113 modo
481 1074 532 1112 de
560 1074 692 1113 variat
724 1072 810 1119 los,
839 1073 895 1112 las
929 1071 1096 1110 fabricas
1127 1069 1179 1109 de
1205 1070 1242 1108 la
1263 1068 1401 1114 vafiias

94 1129 277 1180 antiguas
292 1148 327 1156 —
345 1127 392 1165 El
414 1127 541 1167 modo
558 1128 610 1167 de
629 1127 759 1166 labraz·
783 1127 819 1165 la
841 1124 982 1179 piedra
1001 1124 1102 1164 dura
1123 1137 1202 1163 con
1222 1124 1402 1176 aquellas

93 1182 380 1221 herramientas
402 1181 453 1221 de
475 1182 640 1222 metales
668 1180 846 1227 dociles,
872 1195 896 1231 y
926 1180 962 1218 el
987 1178 1037 1218 de
1062 1178 1235 1217 fabricar
1254 1179 1311 1216 las
1339 1190 1402 1216 ar-

95 1249 180 1275 mas
204 1235 254 1274 de
285 1247 363 1287 que
387 1236 425 1274 se
449 1236 606 1274 servian
631 1247 834 1274 entonces.
859 1233 965 1273 Vide
992 1232 1117 1272 etiam
1144 1246 1231 1284 quae
1254 1230 1400 1270 instru-

95 1302 231 1328 menta
250 1288 439 1328 describ-it
459 1289 501 1327 in
522 1289 759 1342 Hispaniam
784 1287 917 1327 adlata
933 1317 942 1333 ‚
967 1301 1004 1339 p.
1030 1300 1101 1336 37¹⁴
1120 1299 1151 1320 3-
1173 1300 1261 1334 374·
1284 1283 1401 1324 Adde

95 1357 182 1395 quae
214 1342 363 1383 nostras
398 1342 562 1396 Goguet
591 1345 633 1381 in
661 1355 782 1394 opere
817 1342 879 1381 cui
912 1340 1081 1385 titulus,
1115 1338 1305 1391 Origines
1333 1343 1402 1377 des

93 1396 224 1444 loix,
250 1401 318 1436 des
343 1395 446 1436 Ares
465 1427 475 1443 ‚
503 1400 575 1436 &c.
604 1398 704 1436 Non
728 1395 959 1449 negaverim
990 1393 1142 1433 ferrum
1167 1394 1246 1440 jam
1270 1394 1313 1430 in
1332 1394 1402 1430 usu

96 1447 214 1491 fuisse
244 1450 421 1490 Homeri
450 1463 536 1490 aevo
554 1482 563 1498 ,
589 1464 630 1490 ut
655 1463 705 1489 ex
726 1449 920 1496 Iliade,l.
937 1447 1009 1486 VI.
1031 1455 1096 1497 48.
1114 1450 1153 1486 &
1177 1446 1203 1484 1.
1223 1447 1269 1484 Χ.
1296 1460 1373 1495 379
1389 1472 1403 1485 .

95 1504 161 1544 sed
184 1505 274 1543 hinc
299 1517 384 1542 non
415 1505 589 1557 sequitur
613 1503 663 1542 de
677 1504 788 1553 firro
812 1497 1043 1554 accipienda
1061 1514 1148 1552 quae
1176 1498 1226 1539 de
1249 1512 1325 1539 aere
1346 1512 1403 1540 re·

96 1561 186 1599 sert.
212 1559 446 1610 Utrumque
471 1571 563 1597 tunc
589 1557 865 1598 adhibebatur.
879 1555 987 1595 Vide
1013 1555 1074 1592 hic
1094 1553 1198 1592 infra
1218 1567 1255 1591 v.
1278 1567 1374 1601 499.

152 1619 243 1658 326.
269 1611 455 1651 Pertulit.
477 1613 507 1650 E
529 1611 726 1664 Virgilio,
754 1611 849 1650 XII.
872 1625 964 1660 907.
987 1622 1026 1648 at
1052 1609 1095 1646 in
1121 1621 1154 1648 c.
1177 1608 1227 1647 Τ.
1255 1611 1295 1647 ὅ(
1314 1607 1404 1647 edi-

97 1667 242 1707 tionib.
269 1665 406 1717 ppibus
437 1664 621 1716 protulit.
651 1665 710 1704 Sic
737 1665 820 1704 alii.

145 1735 236 1766 329.
265 1719 457 1759 Maronia.
488 1719 536 1756 In
562 1731 705 1769 campo
733 1718 962 1768 Tyrrheno.

153 1788 241 1820 330.
263 1771 425 1812 Tonas.
440 1774 546 1811 Vere
572 1786 603 1810 c.
617 1772 724 1810 Tell.
748 1784 791 1810 ut
806 1785 844 1810 v.
862 1778 953 1815 625.
973 1769 1094 1821 torsit.
1120 1768 1223 1810 Aliis
1245 1782 1401 1818 corpus.

94 1829 189 1866 Vox
214 1838 339 1865 tortus
355 1856 369 1873 ,
397 1825 530 1865 minus'
551 1839 648 1864 nota
672 1825 820 1877 ignaris
844 1825 1039 1870 librariis,
1056 1824 1158 1861 faia
1172 1822 1225 1861 est
1239 1836 1401 1873 corpus,

96 1895 138 1920 ut
169 1881 358 1934 admorsae
390 1879 594 1918 mutarunt
626 1879 670 1915 in
700 1893 812 1918 amor
835 1879 880 1929 fe
909 1878 952 1916 in
984 1879 1033 1915 R.
1071 1890 1106 1915 2.
1140 1877 1241 1915 vers.
1274 1888 1404 1928 prope

87 1939 131 1975 ie
162 1963 172 1974 .

133 1949 243 2035 q336.
271 1986 375 2039 Coefi.
405 1987 452 2026 C.
472 1984 566 2025 Col.
588 1985 639 2024 R.
665 1997 702 2023 2.
735 1983 844 2023 Male
864 1983 953 2022 aliis
977 1982 1059 2022 teli.

153 2056 241 2092 342.
271 2041 416 2082 Nullo.
442 2041 490 2079 C.
519 2039 611 2078 Col.
641 2038 748 2077 Tell.
777 2040 828 2078 R.
860 2052 891 2076 ι.
921 2037 1019 2076 Ben.
1045 2038 1148 2076 Non
1178 2035 1302 2089 igitur
1328 2036 1401 2076 ha·

97 2097 192 2136 bent
217 2109 360 2135 omnes
381 2093 513 2146 scripti
537 2091 684 2131 nullum
704 2121 713 2138 ‚
742 2105 782 2131 ut
808 2092 864 2131 ait
892 2091 1018 2130 Drak.
1144 2126 1147 2127 γ

156 2163 244 2199 347.
267 2151 461 2189 Fratrem.
482 2148 542 2186 Sic
560 2146 692 2198 scripti
709 2146 759 2185 R.
780 2159 816 2184 2.
835 2145 943 2184 Male
965 2143 1052 2183 aliis
1068 2142 1224 2193 fremit.
1246 2142 1404 2183 Imitat.

95 2205 269 2245 Homer.
288 2204 314 2242 1.
337 2203 410 2242 IV.
437 2216 525 2248 150.
544 2203 621 2252 seq.
650 2200 794 2251 Virgil.
817 2198 908 2236 XII.
934 2206 1022 2243 383.

153 2272 242 2307 354·
268 2257 390 2297 Ταᾶο
409 2257 456 2295 C.
477 2255 569 2293 Col.
589 2256 633 2292 P.
653 2253 764 2292 Vide
779 2254 805 2291 1.
828 2255 912 2292 111.
934 2264 1023 2296 302.
1044 2248 1153 2289 Male
1170 2249 1274 2296 aliis,
1293 2259 1401 2297 tow,

97 2323 214 2352 torto.

155 2374 243 2411 361.
277 2361 543 2412 Monstrarar.
573 2360 674 2400 Non
704 2359 789 2399 vidi
817 2359 859 2398 in
890 2357 1064 2411 antiquis
1094 2354 1326 2406 monstravit
1357 2368 1402 2395 ut

96 2418 141 2457 in
164 2420 294 2457 Drak.

154 2479 244 2521 367·
275 2470 468 2509 Intortos.
491 2467 648 2508 Imitat.
675 2466 820 2520 Virgil.
837 2466 930 2505 XII.
953 2479 1047 2515 400.
1176 2492 1192 2501 κ

156 2539 246 2576 377.
270 2523 474 2564 Dusiores.
500 2523 596 2563 Hae'c
625 2522 669 2560 in
698 2523 829 2561 Marso
865 2533 961 2570 ¹492
989 2520 1176 2572 leguntur
1201 2516 1244 2555 in
1272 2516 1301 2557 1.
1327 2515 1405 2556 VI,

101 2582 140 2619 &
166 2593 252 2632 quae
279 2578 339 2616 hic
357 2578 544 2630 leguntur
570 2574 751 2616 desumra
765 2576 855 2615 sunt
875 2589 897 2615 e
918 2574 946 2613 1.
963 2573 1034 2614 VI.
1057 2586 1099 2613 v.
1116 2578 1166 2620 96
1183 2570 1289 2612 adv.
1307 2584 1402 2621 141,

101 2646 222 2688 quem
250 2645 430 2672 errorem
454 2644 578 2671 nemo
604 2629 776 2669 n0tavit.

155 2695 247 2744 328.
274 2686 487 2729 cedentem.
514 2684 657 2739 Virgil.
680 2682 773 2727 XII.
805 2695 893 2737 324.
921 2682 1000 2736 seq.
