1627 3056
391 167 741 227 LrnER
816 173 1035 234 XIV.
1350 187 1457 262 283

151 261 346 326 Expavit
380 277 510 314 tortae
551 268 768 316 certantia
806 287 1040 318 murmura
1069 271 1274 323 conchae.

17 339 110 395 '375
149 330 244 378 Vix
277 331 529 380 meminere
557 335 723 395 maris;
761 350 856 383 tam
890 338 1013 385 vasto
1045 338 1100 387 ad
1127 341 1287 401 proelia
1310 343 1414 392 nisu

142 397 423 445 Incumbunt
450 399 607 461 proni,
645 401 887 466 positisque
924 404 969 451 in
1009 406 1217 473 margine
1242 410 1406 473 puppis

145 463 375 512 Extremae
404 465 598 528 plantis,
635 482 844 518 nutantes
875 470 1047 533 spicula
1082 486 1308 538 torquent.

141 530 365 579 Sternitur
400 531 546 581 effutis
579 536 736 602 pelagi
766 537 916 586 media
951 555 1053 586 area
1079 540 1179 588 telis
1198 580 1211 601 ‚

143 597 369 662 Celsaque
397 600 615 648 anhelatis
651 603 897 671 exsurgens
931 604 1091 655 ictibus
1119 608 1251 658 alnus

7 666 104 728 '380
139 663 321 713 Caerula
352 664 548 734 nigranti
577 667 706 717 findit
736 671 988 734 spumantia
1017 673 1159 723 sulco.

206 730 284 779 Ast
304 732 402 781 aliae
428 734 594 796 latere,
623 751 758 799 atque
785 737 942 786 incuffi
967 741 1142 789 roboris
1156 741 1246 793 iau

139 794 401 865 Detergent
429 819 607 865 ren-1083
640 805 737 852 aliae
768 823 850 868 per
876 805 1051 854 viscera
1076 808 1207 871 pinus

137 863 373 914 Tramiffis
405 867 502 930 ipso
529 871 778 919 retinentur
807 873 997 922 vulnere
1026 875 1197 938 rostriS,

138 929 252 994 Quo
283 934 495 985 retinent.
531 937 709 986 Medias
740 938 855 987 inter
884 939 1121 989 sublimior
1148 943 1243 991 ibat

7 999 97 1060 385
136 999 378 1049 Terribilis
406 1002 505 1050 visu
537 1004 731 1067 puppis,
761 1008 848 1070 qua
875 1008 1002 1055 nulla
1022 1026 1106 1071 per
1125 1027 1265 1059 omne

136 1064 322 1132 Egreffa
343 1068 402 1116 est
425 1070 614 1134 Libycis
643 1072 793 1135 major
815 1073 1051 1123 navalibus
1075 1094 1223 1126 aevum
1253 1098 1264 1126 :

135 1132 263 1181 Nam
284 1150 444 1198 quater
463 1139 560 1185 haee
581 1155 768 1187 centum
791 1142 1034 1190 numeroso
1055 1144 1231 1212 remige
1248 1161 1440 1210 pontum

132 1197 345 1249 Pulsabat
366 1202 529 1264 tonGS‚
565 1206 763 1270 veloque
794 1208 984 1271 superba
1016 1212 1206 1274 capaci,

134 1266 297 1330 Quum
317 1270 524 1332 rapidum
545 1271 745 1324 hauriret
764 1275 942 1324 Borean
955 1318 968 1339 ,
992 1281 1034 1325 δι
1052 1279 1263 1330 cornibus
1282 1297 1441 1333 omnes

5 1349 99 1400 390
136 1334 391 1401 Colligeret
420 1339 547 1386 flatus
565 1378 576 1398 ,
601 1340 726 1391 lento
761 1340 805 1389 se
825 1345 990 1392 robore
1014 1348 1182 1412 agebat

135 1401 328 1451 Intraret
359 1406 516 1453 fluctus
540 1405 644 1455 solis
665 1409 695 1456 fi
715 1410 842 1471 pulsa
872 1410 1068 1463 lacertis,

130 1467 414 1520 Procurrunt
447 1472 632 1522 levitate
665 1476 799 1542 agili,
827 1477 1089 1543 docilesque
1111 1483 1313 1549 regentis

131 1535 367 1586 Audiviffe
391 1556 580 1588 manum
597 1580 611 1601 ,
635 1541 773 1591 Latio
796 1561 904 1593 cum
931 1545 1076 1595 milite
1103 1565 1296 1612 puppes.

197 1602 300 1652 Has
324 1620 374 1654 ut
395 1623 475 1668 per
496 1610 665 1658 laevum
686 1611 924 1661 venientes
952 1630 1103 1678 aequor
1124 1615 1337 1666 Himilco

0 1679 89 1733 395
128 1671 187 1717 In
218 1670 336 1720 latus
365 1673 594 1739 obliquas,
619 1675 870 1743 jussamque
897 1679 1127 1730 incurrere
1155 1700 1339 1745 proram

129 1735 409 1801 Conspexit,
435 1759 631 1805 propere
655 1743 789 1794 Divis
813 1746 861 1795 in
890 1760 998 1796 vota
1023 1750 1196 1799 vocatis

129 1801 372 1868 AEquoris‚
388 1807 565 1857 intento
587 1811 826 1860 volucrem
855 1814 911 1862 cle
936 1832 1065 1864 more
1089 1816 1296 1884 sagittam

132 1870 356 1940 Adsignat
383 1892 528 1925 nervo
552 1896 561 1923 ε
591 1892 733 1940 utque
761 1881 904 1928 oculis
925 1881 1109 1933 libravit
1126 1884 1173 1932 in
1196 1884 1397 1949 hostem>

130 1936 190 1986 Et
216 1941 394 1990 calamo
425 1943 688 1992 monstravit
717 1945 801 1994 iter
817 1983 828 2002 ,
856 1947 1033 1996 diversa
1059 1950 1267 2000 relaxans

0 2018 92 2062 400
128 2004 321 2056 Brachia
337 2047 349 2068 ,
377 2009 567 2059 deduxit
592 2011 724 2059 vultu
756 2014 1001 2063 comitante
1027 2033 1110 2079 per
1136 2034 1266 2066 auras

0 2065 2 2069 ’
130 2073 187 2120 In
217 2075 384 2124 vulnus
411 2077 558 2125 telum
574 2117 585 2138 ‚
609 2084 650 2126 &
674 2078 901 2129 residentis
929 2098 1085 2145 puppe
1110 2084 1310 2151 magistri

124 2139 304 2191 Adfixit
323 2144 493 2206 plePtro
520 2145 728 2193 dextram
752 2165 764 2194 t
787 2163 874 2195 nec
895 2148 1059 2198 deinde
1085 2151 1282 2218 regenda

128 2206 289 2271 Puppe
307 2228 470 2258 manus
491 2211 657 2272 valuit,
685 2214 880 2262 fleaenti
908 2215 1151 2265 immortua
1181 2219 1333 2270 clavo.

127 2273 351 2340 Dumque
366 2278 422 2324 ad
439 2295 575 2338 opem
590 2280 798 2340 accurrit,
813 2298 897 2329 ceu
917 2297 1050 2345 capta
1067 2286 1234 2347 navita,
1251 2304 1437 2357 puppeg

0 2351 88 2399 405
126 2340 253 2389 Ecce
283 2343 450 2391 iterum
482 2344 672 2408 fatoque
696 2348 793 2408 pari
815 2365 1047 2414 nervoque
1067 2350 1225 2418 sagitta

126 2408 180 2454 In
203 2409 407 2458 medium
418 2411 624 2474 perlapsa
641 2411 858 2477 globum,
880 2416 1212 2467 transverberat
1233 2420 1322 2470 istu

129 2472 263 2523 Orba
290 2478 592 2543 gubernaculi
624 2479 893 2530 subeuntem
921 2501 1110 2533 munera
1131 2482 1357 2540 Taurum,

190 2541 408 2606 Irrumpit
437 2544 649 2594 Cumana
670 2548 772 2597 ratis
789 2589 800 2609 ,
828 2567 964 2614 quarn
987 2552 1192 2601 Corbulo
1215 2555 1371 2608 (1υᾶοε

127 2605 360 2674 Lectaque
383 2613 647 2675 complebat
668 2614 925 2665 Stabiarum
945 2618 1076 2668 litore
1095 2622 1253 2681 pubes.

0 2687 88 2731 410
122 2672 315 2728 Numen
347 2691 472 2742 erat,
503 2679 633 2731 celsae
656 2684 800 2749 puppi
825 2684 978 2736 vicina
995 2725 1010 2750 ,
1037 2686 1211 2737 Dione.
