1627 3056
454 201 805 258 Lxssssa
889 198 960 254 X.
1401 210 1469 267 ³9

7 325 33 358 τ
41 324 104 366 90
140 302 427 356 Dediderant
450 301 644 348 dextras.
667 297 798 344 Tum
817 294 920 343 totis
942 290 1170 340 mentibus·
1193 291 1340 338 aetam

143 375 197 422 In
224 370 369 420 caedes
392 368 567 427 aciem,
593 383 716 429 pone
737 380 872 427 atque
891 361 938 409 in
964 374 1092 426 terga
1112 376 1296 407 ruentes

141 438 449 503 Praecipitant.
476 434 591 482 Non
614 433 733 481 hasta
754 433 853 480 viro
868 471 881 491 ,
906 446 999 477 non
1021 427 1174 475 deficit
1199 427 1310 474 ensis
1332 445 1345 473 ε

144 508 184 556 Ε
210 507 354 573 strage
379 505 438 552 est
462 503 638 551 ferrum
654 541 665 563 ‚
689 515 823 565 atque
846 496 1000 546 evulsa
1022 495 1244 543 cadavere
1267 495 1374 542 tela.

143 576 348 637 Raptum
367 572 524 621 Galba
540 569 703 631 procul
722 575 899 631 (neque
916 565 1041 612 enim
1060 563 1237 612 virtutis
1253 577 1463 612 amorem

15 660 101 705 195
142 641 351 691 'Adversa
375 637 589 688 exemisse
610 637 799 694 valent)
823 650 873 682 ut
892 632 1007 681 vidit
1031 634 1086 679 ab
1112 631 1236 680 hoste

148 708 339 758 Auferri
361 709 566 775 signum,
592 703 804 753 connisus
829 718 1022 765 corpore
1046 714 1141 747 toto

148 777 393 828 Victorem
413 773 693 838 adsequitur,
717 769 934 834 letalique
959 783 1155 830 occupat
1174 766 1275 816 istu.

148 845 225 894 Ac
249 845 360 892 dum
385 842 708 906 comprensam
731 838 844 887 caeso
871 839 927 885 de
954 853 1145 898 corpore
1165 835 1366 898 praedam

146 912 350 966 Avellst,
372 911 590 974 tardeque
611 925 774 956 manus
794 903 1068 963 moribunda
1091 904 1308 964 remittit,

17 998 111 1029 200
149 979 419 1029 Transfixus
440 976 591 1045 gladio
621 993 812 1040 propere
835 972 1113 1027 occurrentis
1136 971 1334 1039 Amorgi

152 1047 372 1106 Occidit,
394 1046 661 1094 immoriens
686 1043 861 1109 magnis
886 1058 976 1089 non
1000 1039 1239 1103 prosperus
1262 1041 1388 1091 aufiS.

218 1115 337 1162 Haec
358 1113 500 1173 inter,
525 1111 669 1162 veluti
691 1111 896 1158 nondum
919 1107 1106 1156 satiasset
1129 1108 1260 1172 Enyo

150 1184 243 1230 Iras
267 1182 380 1229 saeva
403 1197 554 1229 truces
572 1221 583 1242 ,
603 1179 830 1228 sublatum
857 1177 1050 1241 pulvere
1077 1194 1299 1238 campum

149 1249 408 1300 Vulturnus
432 1263 579 1309 rotat,
603 1254 644 1296 &
671 1246 918 1295 candentes
941 1259 1123 1309 torquet
1146 1262 1333 1308 arenas,

21 1332 110 1377 205
150 1317 347 1381 Jamque
370 1317 641 1365 reluftantes
663 1314 847 1363 stridens
869 1313 1073 1361 immane
1095 1313 1303 1377 procella

150 1384 239 1435 Per
262 1386 458 1453 longum
482 1383 583 1432 tulit
605 1383 660 1430 ad
686 1381 838 1448 campi
864 1381 1073 1443 suprema
1089 1420 1100 1441 ‚
1125 1380 1340 1445 cavisque

152 1452 375 1500 Adflistos
396 1451 502 1515 ripis
520 1492 526 1508 ‚
547 1450 776 1500 tumidum
799 1449 1010 1497 demersit
1030 1448 1076 1495 in
1098 1465 1300 1499 amnem.

154 1519 251 1568 Hic
273 1519 353 1567 tibi
375 1519 476 1567 finis
501 1534 595 1570 etat
615 1538 628 1582 3
650 1533 792 1566 metas
818 1517 894 1564 hic
916 1515 1110 1564 Aufidus
1131 1515 1217 1566 aevi

155 1589 379 1636 Servabat
405 1585 567 1647 tacitO,
591 1604 683 1635 non
710 1585 823 1634 felix
850 1583 993 1633 Curio
1015 1623 1028 1643 ,
1049 1584 1158 1632 leto.

22 1670 116 1702 210
152 1655 398 1719 Namque,
423 1656 578 1704 furens
603 1654 742 1702 animi
765 1654 876 1701 dum
900 1653 1182 1701 consternata
1201 1665 1406 1703 moratur

156 1723 384 1790 Agmina,
407 1729 449 1771 <Sc
476 1725 682 1786 oppositu
710 1722 1026 1769 membrorum
1049 1721 1192 1768 sistere
1216 1737 1388 1785 certat,

156 1793 209 1838 In
236 1807 437 1854 praeceps
464 1792 630 1858 magna
655 1787 894 1853 propulsus
917 1789 1043 1837 mole
1069 1788 1282 1839 ruentum

156 1857 375 1906 Turbatis
400 1859 602 1907 hauritur
622 1857 747 1922 aquis
763 1897 775 1917 ‚
795 1857 1032 1921 fundoque
1053 1857 1237 1906 volutus

157 1924 358 1974 Adriaca
383 1926 526 1991 jacuit
547 1926 637 1973 fine
662 1925 849 1973 nomine
873 1925 1032 1973 mortis
1056 1925 1210 1974 arena.

25 2007 115 2054 215
226 1994 392 2059 Ingens
411 1994 531 2042 ferre
555 1994 677 2042 mala
694 2033 705 2053 ,
730 1999 773 2041 δε
793 1993 986 2040 fortunae
1010 1993 1201 2041 subdere
1225 1994 1348 2044 colla

157 2060 356 2109 Nescius
373 2101 384 2121 ‚
412 2060 600 2109 adversa
622 2061 772 2109 fronte
793 2061 1056 2109 incurrebat
1074 2060 1120 2108 in
1146 2080 1272 2110 arma

155 2128 446 2178 Vincentsim
466 2129 642 2178 Consul
659 2148 672 2191 3
691 2128 913 2190 pereundi
935 2127 1129 2178 Martius
1152 2130 1302 2191 ardor,

159 2196 316 2261 Atque
345 2197 640 2260 animos‘iam
663 2197 756 2244 sola
779 2196 915 2245 dabat
934 2196 1107 2246 fiducia
1131 2199 1289 2248 mortis
1309 2216 1321 2246 x

160 2264 325 2328 Quum
344 2263 582 2316 Viriathus
608 2281 747 2331 agens
767 2263 890 2321 telis,
910 2280 1124 2332 regnator
1145 2267 1304 2315 Iberae*

26 2347 122 2380 220
160 2332 489 2399 Magnanimus
514 2346 639 2379 tertre
657 2372 667 2391 ,
690 2332 815 2386 iuxta
840 2346 972 2397 atque
995 2349 1098 2381 ante
1122 2352 1199 2382 ora
1219 2334 1414 2387 furenti-s

159 2399 426 2448 Obtruncat
445 2399 592 2447 Paulli
613 2398 774 2448 fessum
797 2400 1057 2448 certaminis
1075 2401 1265 2451 hostem.

161 2466 273 2514 Heu
294 2476 301 2514 !
327 2467 476 2528 dolor,
492 2467 580 2515 heu
603 2474 612 2514 Ξ
632 2468 861 2532 lacrymae.
876 2466 1121 2530 ServiliUS,
1143 2470 1316 2534 optima
1330 2471 1464 2537 belli,

158 2533 260 2581 Post
280 2534 496 2582 Paullum
519 2535 630 2584 belli
652 2553 752 2598 pars
777 2536 949 2599 optima
965 2578 977 2599 ,
999 2538 1167 2585 corruit
1184 2539 1275 2588 istu

162 2599 432 2663 Barbarico‚
454 2619 765 2670 magnamque
785 2604 951 2653 cadens
973 2605 1066 2653 leto
1090 2606 1261 2655 addidit
1283 2625 1378 2659 uno

27 2681 120 2730 225
161 2668 388 2717 Invidiam
411 2670 597 2721 Cannis,
619 2670 816 2720 Tristem
836 2689 928 2721 non
949 2674 1133 2736 pertulit
1152 2675 1270 2723 iram

162 2736 369 2802 Consul,
389 2742 432 2790 &
457 2737 602 2795 insani
622 2757 883 2810 quanquam
907 2741 1139 2796 contraria*
1156 2743 1284 2798 venti
1315 2776 1318 2780 ·
