1627 3056
446 199 1007 259 L1BERX1.
1357 219 1473 280 217!

217 298 399 350 Postera
419 299 501 348 lux
519 296 784 346 Phaetontis
804 314 945 361 equos
964 295 1172 361 proferre
1188 299 1406 361 parabat,

24 373 115 443 37‘0
151 369 261 423 Jam
282 367 440 431 rapido
462 367 648 415 summis
669 383 803 414 curru
828 365 1095 428 splendente
1117 366 1196 414 sub
1218 365 1353 414 undis
1376 384 1391 413 ε

151 439 223 488 En
245 436 423 501 juvenis
439 471 452 494 ,
477 452 650 502 magno
674 448 913 500 generatus
933 432 1172 482 Amilcare
1188 474 1198 494 ‚
1225 434 1362 482 duras

150 505 437 560 jamdudum
459 516 644 552 exercet
662 519 810 552 curas·
834 501 1128 568 Carthaginis
1149 519 1278 551 arces

157 577 231 623 Ire
254 574 394 639 ferox!
407 573 553 640 Mago
570 610 582 633 ‚
606 576 647 620 &
672 569 872 634 patribus
892 578 1078 633 portare
1105 570 1291 635 jubetur

153 642 347 691 Nuncia
370 641 489 690 satia
513 640 655 689 ducis„
688 639 843 687 Praeda
866 644 906 686 &
933 638 1116 701 captiva
1138 639 1359 705 leguntut

0 724 117 780 ²375
157 711 393 774 Corpora,
417 710 704 772 dereptaeque
728 706 834 757 viris
855 708 934 753 sub
958 706 1112 754 Marte
1136 720 1339 765 cruento,

157 779 373 838 Exuviae,
396 777 527 825 fausti
550 774 736 839 Superis
759 775 981 822 libamina
1001 775 1129 822 belli.

160 847 322 896 Altera
350 863 562 894 curarum
582 883 594 905 ‚
617 842 1078 907 Libycis‘demittitur
1102 842 1194 892 oris

161 915 276 964 Heu
300 924 310 964 ¹.
333 914 509 962 Decius
525 952 537 973 ‚
559 912 718 960 reduci
739 913 884 960 lentas
906 911 1105 959 servatus
1127 912 1183 959 ad
1204 911 1324 969 irae,

161 983 231 1031 Ni
258 1000 403 1045 poenae
432 982 649 1046 juvenem
671 979 868 1047 indignae
895 979 1131 1026 miseratus
1155 981 1210 1027 ab
1235 980 1328 1029 alto

33 1056 126 1119 380
163 1049 190 1104 J
197 1049 625 1114 uphem-antiquam
652 1048 773 1096 Batti
796 1045 994 1097 vertisset
1016 1047 1072 1095 ad
1093 1049 1272 1096 urbem.

166 1119 265 1168 Hic
287 1118 446 1167 Pellea
465 1118 621 1167 virum
641 1115 878 1164 Ptolemaei
900 1115 1078 1178 sceptra
1094 1155 1106 1177 ,
1131 1113 1391 1165 vehenti'im

166 1185 390 1250 Eripuere
413 1185 548 1234 minis
563 1225 574 1247 ,
596 1184 1097 1249 resolutaque-vincula
1123 1184 1247 1232 collo
1267 1203 1277 1231 :

167 1255 325 1320 Atque
347 1255 511 1303 eadem
527 1291 540 1314 ,
563 1252 666 1302 vitae
689 1253 832 1301 custos
847 1292 859 1314 ,
879 1270 990 1300 mox
1012 1251 1176 1300 deinde
1199 1251 1355 1318 quieto
1427 1255 1436 1264 ‘

169 1324 369 1386 Accepit
395 1323 531 1370 tellus
557 1320 647 1369 offa
669 1319 890 1369 inviolata
910 1320 1169 1383 sepulchra

39 1396 128 1457 385
234 1391 283 1439 N
289 1408 342 1440 ec
366 1391 606 1440 Venerem
626 1390 800 1437 interea
821 1388 940 1455 fugit
960 1388 1223 1452 exoptabile
1244 1402 1427 1456 tempus
1455 1431 1461 1436 .

171 1459 422 1508 Poenorurn
448 1473 625 1506 mentes
649 1474 772 1505 caeco
793 1474 876 1520 per
893 1457 995 1511 laeta
1014 1457 1258 1519 premendi

171 1527 329 1576 Exitio
346 1567 356 1587 ,
378 1533 419 1576 &
441 1527 554 1575 luxu
583 1525 723 1574 corda
741 1525 1003 1588 importuna
1026 1525 1265 1576 domandi.

168 1595 396 1663 Spargere
416 1595 510 1643 tela
533 1612 676 1642 manu
696 1591 857 1656 paffim
880 1593 1088 1642 fallentia
1110 1593 1226 1642 natis

173 1666 404 1728 Imperat,
426 1669 467 1712 &
491 1662 649 1710 tacitas
675 1662 722 1709 in
749 1663 932 1724 pectora
953 1661 1133 1710 mittere
1160 1664 1392 1714 flammas,

43 1752 136 1804 390
173 1732 304 1780 Tum
322 1731 473 1794 pueris
497 1731 634 1778 dulce
656 1729 864 1778 adridens
886 1751 896 1778 :
924 1745 997 1778 eat
1016 1730 1228 1793 improba
1250 1730 1404 1792 JunO,

173 1800 235 1849 Et
254 1817 336 1848 nos
350 1841 362 1862 ‚
379 1817 467 1848 nec
483 1798 680 1858 mirum,
699 1798 809 1863 quid
827 1797 952 1846 enim
971 1797 1123 1846 fumus
1140 1811 1152 1845 ?
1169 1801 1266 1847 asta
1282 1796 1493 1848 secundis
1518 1847 1522 1851 .

175 1868 416 1932 Despiciat
435 1888 446 1916 z
469 1867 594 1917 valet
621 1867 701 1915 illa
725 1884 867 1913 manu
884 1907 897 1927 ‚
922 1867 1046 1915 valet
1064 1866 1146 1915 illa
1167 1867 1349 1916 lacertis
1372 1887 1385 1917 ε

181 1936 383 1986 Parvula
406 1952 490 1984 nos
510 1952 619 1983 arcu
640 1933 804 1998 puerili
827 1935 1001 1997 spicula
1022 1934 1184 1983 senfim

180 2004 467 2066 Fundimu33
489 2003 524 2052 it
551 2004 703 2051 nullus
726 2004 874 2051 nostro
899 2003 956 2051 de
977 2003 1173 2052 vulnere
1194 2002 1391 2070 sanguis.

49 2087 138 2141 395
177 2072 358 2126 Verum
378 2073 522 2140 agite,
546 2090 597 2134 0,
619 2088 723 2119 mea
743 2072 874 2120 turba
888 2110 903 2134 ‚
923 2087 1111 2136 precor,
1136 2089 1261 2121 nunc
1282 2085 1492 2136 tempus,

382 2141 529 2189 adeste
545 2179 558 2200 ,

179 2210 241 2259 Et
259 2208 454 2274 Tyriam
475 2211 651 2271 pubem
673 2207 818 2256 tacitis
841 2206 1016 2256 exurite
1038 2207 1153 2257 telis.

247 2277 488 2340 Amplexu
504 2316 517 2338 ‚
539 2276 778 2340 multoque
799 2293 926 2324 mero
942 2315 956 2338 ‚
980 2276 1232 2341 somnoque
1252 2275 1460 2326 virorum

182 2344 475 2411 Profliganda
497 2344 616 2393 acies
633 2383 646 2405 ,
670 2361 808 2408 quam
829 2360 923 2409 non
944 2344 1215 2411 perfregerit
1235 2344 1374 2405 ensis,

183 2413 298 2461 Non
318 2412 476 2479 ignes,
495 2429 588 2459 non
608 2410 813 2460 immiffis
836 2410 1067 2461 Gradivus
1088 2411 1291 2464 habeniS.

49 2495 151 2540 '400
187 2480 440 2529 Combibat
460 2479 644 2541 illapsos
667 2480 824 2527 ductor
846 2497 927 2542 per
947 2479 1123 2530 viscera
1141 2480 1302 2544 luxus,

187 2547 296 2596 Nec
317 2548 489 2610 pudeat
508 2548 626 2611 ρίξὶο
648 2547 817 2596 fultum
836 2547 1018 2613 jacuisse
1039 2549 1207 2606 cubili,

186 2614 238 2664 N
244 2633 298 2662 ec
318 2615 493 2663 crinem
517 2614 695 2680 Assyrio
715 2615 993 2680 perfundere
1013 2632 1188 2685 pugnet
1207 2634 1415 2671 amomo„

190 2683 277 2731 Ille
301 2682 379 2731 sub
403 2682 593 2732 hiberno
619 2684 801 2732 somnos
823 2685 1020 2734 educere
1044 2686 1164 2735 coelo

190 2749 414 2817 laetatus,
438 2751 562 2805 testis
582 2751 715 2806 malit
739 2753 1008 2808 consumere
1026 2756 1181 2810 noctes
1201 2773 1214 2805 ε

1254 2823 1304 2873 Κ
