1627 3056
293 164 1101 210 1‘NTExTUM.L1ss.VI.
1292 180 1346 219 49

44 234 100 279 tle
126 236 262 278 finib.
294 249 327 276 c.
365 250 428 286 27.
464 237 559 276 Hoc
580 248 862 276 commentum
899 233 951 274 de
976 233 1169 288 supplicio
1201 234 1352 289 Reguli

49 291 198 332 merit&
218 292 353 340 reiecit
369 290 593 330 Palmerius
609 319 619 338 ‚
650 293 758 339 cujus
776 303 1013 342 argumenta
1028 304 1112 329 non
1130 290 1353 341 spernenda.

48 346 147 387 vide
174 348 216 385 in
243 347 325 394 ejus
347 345 507 384 exercit.
535 346 601 384 vel
633 346 676 383 in
703 345 852 396 Lloydi
881 344 1034 385 lexico.
1070 343 1198 384 Adde
1229 345 1354 385 lexic.

50 401 271 454 germanic.
303 399 480 440 historic.
514 400 665 439 Iselini.

78 452 398 548 dswss'DensuS·
435 453 542 547 Ιιὲς.
568 455 660 493 Col.
687 453 844 505 densum
860 466 880 500 ,·
906 465 1054 492 neutro
1072 467 1219 507 genere
1242 485 1252 504 ‚
1282 467 1357 507 pro

50 522 73 548 a
107 522 176 548 ver
206 522 249 547 10
274 539 283 553 ,
320 521 435 547 more
506 521 713 548 raecorum.
755 538 760 548 „
1139 541 1141 543 ,

108 562 199 612 543·
238 561 413 613 Torpor.
444 562 508 601 Sic
531 566 633 602 reike
654 563 803 615 Dausq.
834 561 883 600 In
911 561 1082 609 Genio,
1117 563 1232 603 1.v1.
1261 576 1295 602 c.
1319 580 1361 613 4.

43 618 187 671 somno
216 617 460 668 prohibitum
485 648 495 664 ‚
540 621 616 657 &c.
650 617 849 671 Inflexum
884 630 1022 656 autem
1062 619 1208 669 probat
1246 619 1360 658 locus

51 673 239 719 Senecae,
284 686 515 723 quocumque
536 672 756 725 fittigatum
784 686 925 722 corpus
951 670 1170 711 reclinavit.

121 733 211 776 546.
252 725 409 766 Currus.
451 727 497 764 C.
529 727 621 765 Col.
649 727 792 766 Oxon.
824 728 875 766 R.
904 739 944 764 2.
976 728 1078 765 reike
1113 727 1364 779 pravium-

51 780 145 832 phis
163 812 172 827 ,
209 794 251 819 ut
277 781 319 819 in
348 781 565 832 Propertio
583 810 594 828 ,
622 781 648 819 1.
671 780 725 820 Π.
746 782 856 833 Eleg.
881 794 942 830 14.
965 794 1002 818 v.
1020 794 1083 826 23.
1111 782 1209 820 Alia
1224 795 1367 822 exem-

55 835 120 887 pla
147 834 243 873 vide
268 835 310 873 in
336 835 463 874 Drak.
490 857 520 863 -
547 835 656 874 Male
681 835 770 873 aliis
792 836 936 887 casus,
965 836 1110 885 cursus.

118 898 208 938 548.
239 888 411 929 Nomen.
453 888 614 927 Divido
653 904 662 926 :
691 890 826 941 supple
851 889 924 928 erit
949 903 984 935 ,·,
1005 889 1102 928 dein
1129 890 1234 930 refer
1260 889 1371 930 vivet

55 941 108 982 ad
137 943 356 997 Regulum.
382 945 442 982 Sic
461 943 639 982 absolute·
659 944 701 981 in
722 945 748 983 1.
773 944 808 983 Ι.
827 943 1019 992 Tibulli,
1053 945 1164 998 Eleg.
1185 962 1225 995 4.
1242 960 1280 984 v.
1299 958 1370 995 705

57 1014 85 1033 ει
106 1012 228 1050 quern
257 999 433 1038 referent
461 998 612 1044 Musae„
646 998 752 1037 vivet
767 1017 809 1037 υ.

120 1067 207 1099 551.
236 1052 354 1093 card.
391 1053 510 1092 Sensu
539 1050 729 1100 medico,
761 1066 804 1091 ut
828 1052 871 1091 in
903 1052 1054 1100 Celso,
1086 1053 1215 1105 potest
1243 1053 1371 1094 etiam

52 1106 189 1147 intelli
221 1108 247 1147 i.
321 1139 323 1141 .

118 1123 217 1210 5545.g
244 1162 385 1202 Fama.
413 1159 520 1200 Vide
556 1161 661 1200 Livi.
691 1158 824 1199 XXII.
861 1174 895 1199 c.
932 1174 970 1210 7.
1001 1160 1145 1213 V-irgil.
1176 1161 1249 1201 IV.
1282 1173 1375 1214 1746

60 1213 206 1308 Justgn.
234 1217 261 1255 1.
293 1217 343 1255 V.
375 1229 408 1255 c.
444 1224 479 1254 8.
516 1219 554 1255 &
583 1216 652 1255 Sil.
681 1215 708 1253 1.
736 1216 785 1254 X.
815 1229 906 1265 579.
938 1214 1028 1267 post
1056 1230 1231 1270 pugnam
1261 1219 1377 1265 Canf

59 1282 140 1309 nen
162 1284 240 1309 em.

60 1338 135 1419 st
148 1339 178 1418 5k
174 1333 208 1364 8.
244 1324 339 1364 Hic.
371 1324 439 1364 De
466 1322 566 1364 viris
583 1355 594 1372 ,
631 1337 674 1364 ut
701 1324 835 1377 postea
864 1324 956 1364 alia·
983 1323 1035 1364 de
1054 1324 1234 1375 ftmiuis.
1268 1325 1376 1368 Male

109 1392 149 1417 ra
183 1407 190 1417 .
217 1380 319 1419 hinc.

123 1447 213 1479 559.
255 1433 602 1486 ,faciuntque-fid.
644 1433 707 1472 Sic
733 1433 868 1486 scripti
893 1445 1037 1473 omnes
1068 1463 1078 1480 ,
1118 1435 1173 1475 R.
1199 1449 1237 1475 2.
1263 1434 1380 1477 Male

62 1487 271 1528 omittitur
297 1503 364 1540 que
396 1487 499 1526 aliis.

122 1549 211 1588 561.
247 1542 436 1585 Verrunt.
474 1543 524 1582 R.
559 1556 591 1580 1.
622 1541 761 1581 Beues.
787 1542 917 1582 Drak.
955 1543 1006 1582 In
1032 1545 1128 1583 Stat.
1160 1543 1186 1584 1.
1218 1559 1257 1590 9·
1286 1552 1386 1591 638·‘

65 1608 279 1639 verrentem
310 1595 481 1637 crinibus
511 1611 613 1635 aras.
647 1597 757 1635 Male
785 1597 874 1636 aliis
904 1609 1084 1644 vertunt,
1125 1611 1148 1636 a
1175 1599 1387 1639 Libratiis.

124 1658 212 1698 563.
248 1652 441 1692 Ululante
466 1651 616 1691 dolore.
646 1651 706 1689 Sic
733 1651 960 1691 constanter
985 1652 1157 1705 antiqui.
1186 1653 1279 1693 Sine
1299 1653 1384 1694 fide

68 1706 200 1754 Drak.
241 1707 480 1755 ululantque.
513 1707 648 1752 Quare
676 1719 761 1744 non
802 1706 919 1745 dolor
949 1706 1108 1746 ululans
1133 1737 1149 1753 ,
1188 1721 1232 1748 ut
1264 1709 1384 1748 dolor

59 1761 279 1812 frendens,
309 1763 352 1800 in
368 1763 505 1800 Senec.
534 1761 654 1812 Trag.
685 1764 723 1798 δε
747 1759 932 1814 lacrymae
948 1761 1207 1812 furibundae,
1233 1762 1276 1802 in
1295 1765 1384 1803 Sta-

69 1815 130 1854 tio
149 1846 158 1861 ,
192 1815 219 1854 l.
245 1815 323 1855 ΙΙΙ.
353 1822 454 1864 272?
492 1815 532 1852 Si
560 1814 617 1851 ita
645 1813 767 1852 liceat
799 1829 955 1854 mutare
982 1830 1068 1868 quae
1099 1817 1143 1854 in
1175 1830 1259 1857 uno
1287 1831 1383 1857 tan-

69 1869 155 1910 tum
173 1870 364 1922 scriptore
375 1880 615 1912 occurrunt,
636 1870 766 1905 aerum
788 1869 866 1906 erit
884 1868 934 1907 de
950 1870 1189 1910 auerorirbus.
1213 1871 1386 1914 Incaute

70 1925 193 1963 trabit
217 1926 346 1963 Drak.
379 1923 421 1960 in
455 1924 538 1960 suas
574 1933 715 1971 par-res‘
750 1924 847 1960 Stat.
879 1922 904 1959 1.
936 1924 1050 1961 Xffl.
1079 1939 1118 1964 v.
1150 1933 1240 1970 158.
1269 1926 1382 1968 nullo

70 1978 226 2018 ululata
261 1978 397 2018 dolore
430 1992 444 2016 .-
483 1975 610 2015 uiulat
648 1988 745 2028 ergo
784 1974 907 2014 dolor
930 2007 941 2025 ,
984 1977 1098 2031 quod
1130 1979 1385 2031 experientia

101 2033 230 2073 robat„

70 2049 95 2087 p
140 2096 227 2138 567·
262 2085 445 2127 Orando.
475 2085 601 2124 Ηεὲὶε
636 2097 679 2123 ut
714 2083 756 2122 in
789 2084 938 2126 Plauto
964 2117 974 2134 ,
1022 2100 1094 2139 pro
1122 2088 1384 2140 sciscitando.

71 2142 186 2182 Male
213 2140 411 2190 Heynfius
444 2141 531 2179 vult
557 2143 774 2190 quaerendo.

131 2203 219 2243 568.
256 2194 361 2234 Hinc
380 2226 397 2242 ,
437 2196 500 2233 cui
530 2194 750 2246 opponitur
778 2194 912 2246 postea
938 2194 1038 2236 inde.
1064 2197 1189 2236 Error
1223 2199 1383 2251 Typor.

70 2250 122 2290 In
144 2251 274 2291 Drak.
302 2250 365 2289 hic
384 2281 398 2297 ,
440 2250 482 2288 ni
505 2262 641 2287 tamen
667 2250 773 2286 ma1e
796 2250 948 2288 secutus
977 2250 1020 2290 fit
1047 2251 1147 2290 alios
1169 2265 1319 2293 textus.

131 2314 220 2352 569.
246 2304 454 2356 Percuffae.
486 2303 614 2342 Drak.
640 2306 680 2342 &
712 2304 898 2356 antiqui,
934 2304 1007 2343 nisi
1033 2320 1066 2345 c.
1096 2307 1146 2344 T.
1172 2308 1382 2362 perculsae.

73 2359 154 2400 Sed
177 2358 388 2409 percellere
411 2362 449 2397 &
482 2356 534 2397 de
566 2368 689 2396 mente
719 2361 758 2397 &
784 2357 836 2398 de
864 2371 1026 2411 corpore
1056 2361 1264 2413 usurpatur
1285 2393 1297 2409 ,
1337 2376 1383 2406 ut

73 2415 218 2466 probat
245 2413 341 2451 alibi
367 2413 496 2451 Drak.
708 2454 712 2465 x

137 2483 225 2517 57¹·
252 2467 510 2507 Redeuntzim.
540 2466 590 2505 In
617 2467 790 2521 antiquis
819 2467 895 2507 fuit
920 2473 1104 2509 redeuntu
1127 2483 1201 2522 pro
1221 2474 1386 2512 redeam

77 2522 133 2562 tii.
159 2522 270 2560 Hinc
290 2552 300 2569 ,
339 2521 514 2575 negle&3
540 2521 637 2562 nota
654 2554 664 2570 ‚
693 2538 716 2562 u
734 2524 832 2575 saepe
854 2537 1032 2563 mutatur
1053 2525 1096 2564 in
1115 2524 1175 2572 is,
1200 2530 1240 2566 δε
1260 2526 1386 2579 scrip-

76 2590 164 2616 tum
182 2576 375 2616 redeuntis
391 2591 414 2615 a
431 2577 634 2617 Librariis.
662 2577 755 2617 Sine
775 2576 855 2617 fide
872 2578 1000 2619 Drak.
1024 2579 1245 2628 redeuntia„
1268 2580 1384 2636 quod

74 2632 120 2671 in
141 2632 255 2671 nullo
285 2631 413 2670 veteri
437 2630 535 2670 vidi.

137 2700 227 2735 572.
262 2685 509 2726 Funduntur.
536 2688 659 2728 Refiie
678 2717 688 2734 ,
718 2684 885 2739 simplex
905 2700 979 2739 pro
1005 2688 1388 2744 compofito3quod

83 2738 129 2781 in
157 2740 278 2783 Livio
299 2741 431 2784 XXII.
456 2755 489 2784 c.
512 2756 550 2799 7⁷·
577 2741 954 2795 circumficnduntur.
979 2743 1093 2787 Male
1118 2745 1274 2797 Heyns.
1299 2746 1393 2790 vult

1187 2812 1208 2841 c
