1627 3056
494 193 1057 251 Lxssssalx.
1396 198 1498 256 131

190 288 257 339 At
280 288 470 341 Mavors
491 306 616 341 moto
643 294 914 356 proturbans
938 291 1038 339 ae'ra
1062 289 1154 339 telo
1169 326 1184 353 ,

190 357 249 404 Et
269 358 433 423 clypeo
458 376 678 423 campum
701 360 965 419 involvens,
989 359 1163 407 AEtnaea
1189 357 1440 423 cyclopum

194 424 392 475 Munere
413 427 684 476 fundentem
700 427 893 477 loricam
915 426 1126 476 incendia
1148 426 1313 493 gestat,

57 507 154 548 450
194 493 264 541 Ac
291 494 437 556 pulsat
459 495 588 546 fulva
614 495 891 562 consurgens
911 495 1078 543 aethera
1100 494 1243 543 crista.

261 561 488 611 Ductores
509 581 673 632 pugnae
695 563 883 624 intenti,
905 562 1217 629 quantumque
1237 559 1430 611 viciffim

190 628 379 678 Audere
401 631 460 679 est
478 671 490 692 ,
515 632 722 695 proprius
746 631 885 679 mensi
904 670 915 692 ‚
936 645 1091 679 tamen
1114 646 1238 678 arma
1258 627 1460 678 ferentes

192 696 384 750 Sensere
407 699 635 749 advenisse
660 700 813 761 Deos,
838 705 876 748 &
894 735 908 759 ,
936 698 1064 747 laetus
1089 713 1279 762 uterque

190 763 393 828 Spectari
415 767 598 831 Superis
613 808 625 830 ‚
646 768 873 815 addebant
893 766 1121 815 mentibus
1144 764 1246 813 iras.

55 839 85 890 4
99 839 151 886 55
259 831 459 898 Jamque
482 834 571 883 istu
589 835 745 884 valido
768 835 979 883 libratam
1002 852 1027 881 a
1048 835 1232 898 pectore
1252 831 1385 883 Poeni

189 899 338 948 Pallas
357 901 402 949 in
430 902 667 968 obliquum
689 902 847 952 dextra
869 899 1114 950 detorserat
1135 901 1304 950 hastam
1321 938 1335 962 ,

189 966 249 1016 Et
274 968 506 1019 Gradivus
531 989 668 1034 opem
689 970 824 1020 Divae
845 985 1028 1034 portare
1048 969 1217 1018 ferocis

188 1035 224 1083 F
232 1037 423 1100 xemplo
445 1038 600 1087 dofius
618 1078 630 1100 ,
651 1041 876 1105 porgebat
899 1037 1104 1102 protinus
1124 1036 1282 1084 ensem

183 1100 419 1152 AEtnaeum
440 1105 486 1153 in
508 1123 716 1174 pugnam
733 1105 921 1172 juveni,
944 1122 998 1153 ac
1020 1103 1197 1168 majora
1214 1103 1420 1169 jubebat.

50 1168 150 1223 '460
187 1169 317 1218 Tum
339 1171 468 1238 virgo
491 1173 728 1240 ignescens
749 1174 929 1237 penitus
945 1213 957 1235 ‚
975 1172 1182 1221 violenta
1204 1188 1392 1234 repente

184 1237 383 1287 Suffuclit
405 1240 600 1289 flammis
622 1259 724 1303 ora,
747 1256 883 1306 argue
904 1239 1088 1305 obliqua
1111 1254 1379 1304 retorquens

185 1305 388 1354 Lumina
405 1347 418 1368 ‚
438 1312 618 1357 turbato
639 1309 866 1372 superavit
888 1308 1115 1375 Gorgona
1135 1308 1285 1355 vultu.

186 1372 388 1422 Erexere
411 1393 570 1424 omnes
590 1376 811 1425 immania
834 1378 1045 1424 membra
1070 1374 1278 1438 chelydri

185 1439 354 1507 AEgicle
381 1447 612 1492 commota
633 1463 646 1508 3
670 1443 895 1508 primique
921 1442 1085 1491 furoris
1107 1443 1161 1490 ad
1183 1442 1294 1490 iPtus

42 1506 145 1560 455
186 1507 360 1557 Retulit
378 1509 472 1574 ipse
493 1513 660 1575 pedem
683 1510 843 1560 senfim
866 1529 891 1559 a
913 1509 1166 1558 certamine
1192 1509 1400 1559 Mavors,

181 1576 281 1624 Hie
305 1577 409 1625 Dea
431 1579 700 1628 convulsam
721 1579 880 1643 rapido
904 1577 1149 1626 conamine
1171 1592 1349 1638 partem

181 1642 344 1692 Vicini
367 1646 534 1695 montis
549 1686 560 1708 ‚
584 1647 877 1711 scopulisque
900 1643 1134 1694 horrentia
1156 1644 1261 1692 saxa

184 1712 238 1759 In
262 1711 467 1761 Martem
490 1714 736 1763 furibunda
760 1715 896 1779 jacit,
919 1712 1151 1780 longeque
1172 1712 1338 1760 relatos

181 1778 382 1843 Expavit
405 1781 603 1838 sonitus,
628 1783 896 1831 tremefa&o
921 1780 1052 1828 litore
1067 1819 1080 1841 ,
1103 1779 1263 1828 Sason.

50 1856 143 1896 470
250 1847 313 1897 At
337 1866 428 1898 non
451 1850 547 1900 haec
568 1850 799 1913 Superum
820 1849 1046 1898 fallebant
1063 1847 1223 1911 proelia
1247 1865 1427 1916 regem:

178 1915 403 1981 Demittit
427 1936 620 1982 propere
645 1918 921 1967 succinctam
943 1915 1140 1964 nubibus
1168 1914 1276 1964 Irim
1294 1955 1308 1978 ,

182 1984 302 2048 Quae
326 1984 488 2034 nimios
510 1987 661 2035 frenet
681 2001 833 2034 motus
859 2026 871 2044 ‚
895 2002 948 2032 ac
973 1984 1080 2032 talia
1101 1984 1222 2032 fatur
1246 2004 1257 2032 :

181 2051 233 2112 I,
257 2052 360 2100 Dea
379 2093 390 2115 ,
415 2060 455 2103 8<
482 2054 690 2102 OEnotris
710 2054 851 2103 velox
874 2052 1088 2100 adlabere
1113 2050 1244 2099 terris
1263 2084 1279 2107 ,

183 2117 521 2188 Germanaeque
547 2137 697 2170 truces
721 2121 793 2169 dic
818 2120 969 2169 Pallas
989 2119 1169 2186 mitiget
1189 2117 1303 2181 iras,

49 2194 146 2248 475
186 2187 461 2252 Nec-speret
480 2190 593 2237 fixas
614 2190 859 2237 Parcarum
877 2201 1056 2236 vertere
1078 2188 1206 2253 leges
1232 2206 1242 2234 ε

181 2255 277 2304 Dic
301 2256 464 2314 etiam,
487 2256 535 2305 ni
561 2257 722 2305 desistis
744 2265 759 2319 (
781 2275 888 2305 nam
912 2255 1035 2305 virus
1057 2260 1097 2302 &
1119 2254 1244 2302 aestus

179 2322 491 2373 Flammiferae
512 2324 628 2373 'novi
653 2324 847 2383 mentis)
872 2341 959 2373 nec
981 2321 1161 2389 colligis
1184 2322 1298 2370 iram
1316 2359 1330 2383 ‚

180 2389 349 2457 AEgida
370 2392 634 2457 praecellant
659 2395 879 2458 quantum
901 2390 1086 2440 horrida
1105 2389 1300 2438 fulmina
1318 2390 1511 2443 ῃοίέεεᾰ,
1537 2433 1540 2436 .

240 2459 360 2521 Quae
388 2461 625 2525 postquam
649 2459 828 2524 accepit
855 2459 1066 2508 dubitans
1087 2456 1301 2524 Tritonia
1327 2458 1462 2528 virgo
1481 2497 1500 2523 ‚

52 2533 150 2594 §30
181 2524 291 2572 Nec
316 2526 379 2576 sat
403 2543 526 2577 certa
550 2529 649 2590 diu,
670 2528 824 2593 patriis
848 2546 906 2576 an
928 2526 1112 2576 cederet
1133 2525 1295 2588 armis,

181 2591 458 2644 Absistemus
477 2635 488 2657 ‚
515 2595 600 2661 ait,
621 2614 787 2662 campo
808 2617 819 2645 :
842 2595 917 2646 sed
941 2594 1130 2644 Pallade
1150 2592 1281 2654 pulsfi

182 2658 317 2708 Num
338 2662 432 2712 fata
454 2677 630 2714 avertet
649 2676 662 2712 ?
686 2665 899 2729 coeloque
923 2661 1096 2713 arcebit
1116 2664 1173 2710 ab
1196 2662 1292 2710 alto

180 2725 384 2787 ,Cernere
407 2730 618 2802 Gargani
636 2733 863 2789 ferventia
882 2731 1079 2787 caedibus
1100 2746 1207 2784 arva
1228 2739 1243 2778 t
