1627 3056
113 164 223 232 164
484 154 1230 215 S1L1i1T‚A1.1c1

246 252 505 302 Castrorum
527 251 719 314 spatium
744 257 785 300 ὃ(
809 251 923 299 saxo„
936 251 1144 312 tramisit,
1168 260 1208 301 &
1229 251 1404 303 hastas

245 319 412 369 Martia
436 319 560 368 frons
583 358 596 378 ,
617 318 863 381 facilesque
893 337 1034 366 comae
1052 357 1063 377 ,
1089 336 1175 367 nec
1191 338 1310 384 pone
1331 317 1543 386 retroque

246 387 457 436 Caesaries
476 385 658 435 brevior
681 406 690 432 τ
717 388 966 451 flagrabant
985 386 1159 433 lumina
1176 425 1187 446 ‚
1212 387 1310 435 miti

115 462 208 516 560
243 454 472 516 Adspe&u
498 452 735 519 gratusque
758 454 904 500 inerat
926 451 1171 499 visentibus
1195 453 1371 502 horror.

312 520 477 568 Adfuit
496 526 536 567 ὃς
557 520 757 580 Samni5‚
779 519 983 566 nondum
1009 535 1226 586 vergente
1253 520 1412 569 favore

248 587 325 635 Ad
349 583 546 649 Poenos3
575 587 649 634 sed
674 603 760 633 nec
781 585 924 634 veteri
943 602 1159 652 purgatus
1184 589 1238 633 ab
1260 586 1343 637 ira.

246 654 344 718 Qui
362 654 600 713 Batulum,
622 653 894 715 Nucrasque
913 667 1114 712 metunt,
1136 654 1362 702 Boviania
1379 655 1548 721 quique

247 720 490 787 Exagitant
512 721 645 768 lustra
661 755 674 776 ‚
697 733 774 767 aut
797 719 1013 766 Caudinis
1032 720 1240 778 faucibus
1259 721 1428 769 haeren't
1442 763 1455 783 ‚

120 796 208 849 565
246 792 304 836 Et
323 805 434 850 quos
460 802 534 834 aut
559 786 712 834 Rufrae
730 824 742 843 ‚
766 799 840 832 aut
861 802 973 848 quos
995 783 1200 834 AEsernia
1221 825 1232 845 ,
1254 790 1425 850 quosve

249 854 462 902 Obscura
484 848 665 907 incultis
686 851 924 899 Herdonia
952 851 1068 899 misit
1092 855 1149 900 ab
1171 854 1302 918 agris,

317 921 516 969 Bruttius
534 920 655 967 haud
678 919 822 980 dispar
839 918 1094 966 animorum
1110 959 1121 980 ‚
1142 922 1324 984 unaque
1344 923 1557 989 juventus

253 987 453 1035 Lucanis
479 987 628 1036 excita
650 986 791 1052 jugi5‚
816 985 1104 1049 Hirpinaque
1133 989 1275 1048 pubes

252 1053 486 1101 Horrebat
513 1054 636 1113 telis,
663 1058 704 1100 ἃ
731 1068 861 1117 tergo
883 1052 1050 1099 hirsuta
1073 1053 1291 1104 ferarum.

121 1136 211 1182 570
250 1120 352 1169 Hos
382 1135 571 1169 venatus
596 1121 675 1168 alit
705 1119 867 1167 :lustra
893 1118 1125 1167 incoluere
1144 1159 1156 1180 ‚
1180 1120 1383 1185 sitimque

251 1189 483 1237 Avertunt
508 1187 674 1246 fluvio,
703 1185 938 1250 somnique
960 1186 1119 1235 labore
1144 1202 1371 1248 parantur.

320 1255 514 1302 Additur
539 1254 605 1301 his
632 1254 831 1302 Calaber
847 1292 858 1312 ‚
887 1252 1237 1316 Sallentinaeque
1266 1255 1509 1317 cohorte33

255 1320 455 1369 Necnon
478 1320 782 1368 Brundusium
799 1355 814 1376 ‚
837 1336 926 1382 quo
949 1319 1105 1367 desinit
1126 1321 1240 1368 Itala
1263 1321 1414 1371 tellus,

256 1387 450 1436 Patebat
474 1387 597 1453 legio
622 1386 784 1435 audaci
807 1384 1013 1449 permissa
1035 1385 1246 1453 Cethego
1267 1407 1282 1449 3

125 1470 212 1514 575
252 1454 342 1502 Cui
365 1454 503 1502 socias
527 1455 644 1503 vires
663 1493 674 1512 ,
694 1467 829 1518 atque
850 1451 1088 1500 indiscreta
1107 1453 1320 1518 maniplis

254 1521 401 1569 Arma
421 1521 747 1582 recensebant3
774 1537 894 1567 nunc
916 1519 1005 1567 sese
1031 1520 1261 1570 ostendere
1281 1520 1412 1569 miles

255 1589 487 1636 Leucoliae
513 1606 538 1635 e
567 1588 761 1650 scopulis
777 1624 793 1644 ,
816 1603 938 1634 nunc
961 1604 1101 1649 quem
1129 1587 1331 1636 Picentia
1352 1587 1490 1636 Paeflo
1560 1608 1566 1614 ·

257 1655 408 1712 Misit,
429 1661 471 1702 &
499 1654 720 1703 exhaustae
744 1671 855 1701 mox
875 1654 1018 1701 Poeno
1040 1668 1185 1702 marte
1209 1654 1387 1704 Cerillae
1409 1694 1423 1717 ,

256 1722 398 1769 Nunc
418 1721 587 1770 Silarus
607 1739 719 1785 quos
737 1721 876 1769 nutrit
895 1721 1019 1784 aquis
1032 1760 1043 1779 ‚
1069 1737 1159 1784 quo
1182 1722 1360 1789 gurgite
1379 1721 1562 1773 tradunt

131 1791 221 1849 580
259 1787 488 1836 Duritiem
516 1788 725 1850 lapidum
750 1787 903 1835 mersis
930 1787 1179 1836 inolescere
1205 1789 1356 1838 ramis.

259 1856 343 1903 Ille
365 1862 405 1904 &
433 1854 652 1921 pugnacis
680 1854 880 1902 laudavit
899 1853 989 1900 tela
1016 1854 1222 1916 Salerni,

258 1921 470 1969 Falcatos
498 1922 623 1969 enses
640 1962 651 1982 ‚
674 1926 716 1970 ὃς
745 1938 841 1984 quae
869 1919 1091 1968 Buxentia
1117 1923 1262 1983 pubes

262 1989 464 2051 Aptabat
485 1988 650 2036 dextris
671 1987 814 2036 irrasae
839 1989 1002 2034 robora
1023 1987 1183 2037 clavae.
1258 2042 1262 2045 ,

262 2055 362 2117 Ipse
382 2056 573 2103 humero
600 2056 799 2104 exsertus
815 2094 826 2115 ‚
854 2053 1015 2121 gentili
1037 2072 1164 2101 more
1191 2054 1431 2116 parent-{lm
1448 2092 1467 2117 ,

136 2128 220 2184 585
263 2121 455 2171 Difficili
482 2122 708 2189 gaudebat
725 2138 842 2186 equo
859 2160 871 2182 ,
896 2122 1121 2185 roburque
1143 2121 1338 2185 juventae

262 2189 398 2238 flexi
423 2189 676 2252 cornipedis
698 2190 809 2237 duro
830 2189 1072 2236 exercebat
1090 2188 1138 2238 in
1161 2206 1255 2237 ore.

332 2256 431 2305 Vos
451 2257 586 2304 etiam
610 2256 764 2305 accisae
789 2254 1087 2318 desolataeque
1105 2255 1312 2303 virorum

262 2322 448 2371 Eridani
472 2338 655 2390 gentes,
680 2324 804 2370 nullo
828 2322 1086 2369 attendente
1110 2324 1322 2369 Deorum
1365 2344 1368 2345 ⁷

266 2388 399 2437 Votis
422 2404 532 2437 tunc
553 2389 728 2450 vestris,
753 2389 909 2437 casura
930 2389 1069 2436 ruistis
1092 2388 1136 2435 in
1161 2405 1300 2437 arma.

137 2474 229 2520 590
268 2455 473 2504 Certavit
496 2457 685 2504 Mutinae
705 2456 899 2520 quassata
921 2455 1156 2502 Placentia
1179 2454 1324 2502 bello.

267 2524 457 2570 Mantua
480 2523 698 2570 mittenda
721 2523 909 2570 certavit
933 2524 1053 2584 pube
1079 2522 1321 2569 Cremonae
1337 2558 1349 2580 ,

266 2589 460 2637 Mantua
483 2589 717 2641 Musarum
743 2590 928 2649 domus,
950 2604 1083 2652 atque
1108 2588 1165 2636 ad
1188 2588 1325 2636 sidera
1349 2597 1484 2634 cantu
1556 2641 1559 2645 ¹

266 2656 435 2708 Eveffla
456 2655 637 2721 Aonie,
660 2662 702 2706 ὃ(
729 2655 972 2723 Smyrnaeis
998 2657 1162 2707 aemula
1185 2652 1381 2720 plestriS.
