1627 3056
167 213 271 269 192

165 438 250 485 155

163 766 253 809 160

162 1105 249 1156 165

160 1451 250 1491 170

157 1785 245 1830 175

157 2110 248 2154 180

512 188 792 247 81L‘11
876 190 1288 251 ITALtCt

292 284 489 336 Exhalat
509 287 693 348 lucem,
716 292 756 335 ἃ
779 286 1029 337 dubitantia
1052 288 1224 336 lumina
1247 289 1418 339 condit.

359 355 424 401 At
449 352 583 402 fessus
607 372 797 402 mat-ore
822 355 851 403 s
855 357 953 403 mul
977 356 1200 420 cursuque
1224 373 1469 421 metuque,

291 420 349 468 Et
371 437 526 468 tamen
551 421 706 470 haud
693 440 766 469 irae
789 440 988 485 vacuus,
1014 441 1107 471 non
1130 439 1252 471 certa
1274 442 1352 488 per
1378 441 1532 489 aequor

291 489 528 536 Interdum
550 488 744 537 insistens
766 490 1003 538 Perusinus
1030 494 1239 539 membra
1261 491 1470 540 ferebat·
1459 529 1474 555 ,

289 555 436 604 Hune
459 557 567 604 sude
582 574 755 621 ,quam
775 573 951 620 raptam
974 557 1140 622 Libyci
1161 577 1242 636 per
1266 574 1393 625 terga
1415 557 1605 623 jacentis

289 622 505 689 Armiger
528 626 753 672 obtulerat
774 624 1178 688 monstri,fi1per
1166 626 1353 692 inguina
1374 627 1522 675 fixum

289 690 389 739 Obt
396 708 554 739 runcat
568 709 865 756 ,quercuque
888 693 1054 754 premit
1073 693 1304 742 violentus
1326 695 1501 743 obusta.

291 758 511 806 Tentarat
526 759 745 836 precibus
764 761 932 808 saevum
955 760 1098 807 lenire
1120 760 1324 808 furorem
1342 799 1354 821 ‚

290 825 382 873 Sed
409 826 487 891 St)
478 827 593 893 gius
618 826 787 890 primos
811 825 1018 889 implevit
1042 827 1195 874 fervor
1217 824 1366 875 hiatus

289 893 349 941 Et
367 894 586 956 pulmone
608 907 737 942 tenus
758 894 931 942 demisit
952 894 1207 941 anhelitus
1196 912 1370 961 ignem.

289 960 506 1009 Tandem
529 979 636 1009 cum
659 976 752 1009 toto
775 960 919 1009 cecidi
908 976 938 1008 t
957 979 1130 1028 grege,
1152 979 1322 1009 nomen
1346 962 1390 1009 in
1415 959 1603 1010 Umbra

289 1028 506 1090 Clarum,
529 1029 700 1090 Crista,
726 1029 801 1077 diu
829 1034 1020 1092 populo.
1047 1030 1147 1076 Ceu
1171 1028 1308 1077 fulmi
1313 1047 1368 1076 ne
1395 1029 1514 1076 celsa

289 1094 499 1143 AEsculus
517 1135 528 1156 ,
551 1111 653 1157 aut,
676 1097 856 1159 proavis
885 1100 940 1143 ab
965 1095 1140 1161 origine
1169 1095 1351 1162 cognita
1368 1136 1379 1154 ,
1404 1112 1602 1159 quercus

289 1163 452 1225 Quum
482 1164 630 1212 fumat
654 1163 855 1226 percussa
883 1163 1018 1217 Jovi,
1043 1163 1279 1226 sacrosque
1302 1180 1381 1225 per
1405 1180 1557 1211 avum

287 1229 508 1279 AEthereo
531 1249 680 1280 ramos
702 1232 976 1294 populantur
999 1230 1168 1277 sulfure
1194 1231 1421 1292 flammae3

289 1298 459 1346 Donec
481 1299 599 1349 vista
628 1299 735 1346 Deo
759 1300 848 1345 late
874 1297 1135 1359 procumbit
1154 1335 1165 1356 ‚
1189 1303 1229 1344 &
1254 1314 1442 1354 omnem

290 1364 542 1414 Collabens
569 1365 712 1428 operit
741 1364 933 1428 spatioso
963 1363 1103 1427 stipite
1134 1365 1330 1426 prolem.

356 1434 509 1497 Atque
534 1451 587 1480 ea
608 1432 718 1480 dum
740 1432 866 1497 juxta
886 1432 1055 1496 Tyrius
1076 1432 1229 1498 stagna
1250 1430 1420 1479 Aufida
1440 1429 1600 1480 dustot

289 1500 407 1548 Moli
414 1517 509 1555 tur
535 1499 1021 1560 Paullu3,numeros:21
1047 1500 1168 1547 caede
1190 1499 1391 1547 futuram

288 1568 465 1615 Ultus
454 1587 546 1633 jam
569 1583 792 1627 mortem,
816 1585 900 1616 ceu
922 1567 1064 1614 vistor
1087 1566 1207 1614 bella
1231 1569 1432 1633 gerebat.

287 1636 412 1682 Inter
434 1635 560 1683 mille
582 1635 701 1683 viros
722 1635 840 1699 jacet
861 1634 1021 1700 ingens
1041 1633 1268 1696 Phorcys,
1294 1636 1349 1680 ab
1374 1631 1512 1682 antris

287 1702 535 1750 Herculeae
562 1702 756 1764 Calpes,
779 1702 873 1750 cel?
870 1717 950 1749 tus
973 1701 1198 1767 Gorgone
1223 1716 1462 1763 parmam3

284 1768 428 1816 Unde
450 1787 593 1844 genus
613 1784 666 1816 tr
657 1770 812 1832 stique
836 1771 947 1816 Dece
973 1772 1187 1816 manabat
1206 1769 1353 1844 origo.

288 1837 460 1897 Hunc,
490 1836 794 1899 ob5e5tant'em
828 1835 946 1895 sese,
972 1852 1014 1882 at
1003 1854 1105 1898 que
1131 1834 1315 1898 antiqua
1339 1849 1598 1886 tumentem

287 1903 435 1951 Nomi
440 1921 499 1951 na
524 1903 716 1952 saxificae
739 1902 985 1950 monstrosa
1008 1921 1065 1951 ex
1089 1903 1220 1965 stirpe
1241 1902 1478 1962 Medusae,

283 1970 416 2018 Dum
438 1971 605 2020 laevum
630 1970 740 2032 petit
764 1972 1034 2018 incumbens
1054 1969 1337 2018 violentius
1316 1986 1498 2046 inguen

285 2038 532 2098 Detrahit,
555 2038 721 2087 excelsi
745 2053 1006 2100 correptum
1027 2037 1198 2085 vertice
1223 2036 1356 2097 coni,

285 2077 624 2169 Adfliffiirrique
651 2122 891 2187 premens,
913 2121 1040 2171 tergo
1065 2121 1152 2167 qua
1177 2103 1391 2151 balteus
1379 2120 1476 2151 11110

284 2171 502 2220 Sinuatur
522 2190 766 2237 ,coxaque
788 2172 909 2220 sedet
933 2171 1172 2220 munimen
1194 2188 1421 2234 Utraque,

285 2239 509 2304 Conje&o
538 2239 654 2288 fodit
674 2240 778 2287 ense
795 2240 1000 2302 ,super·
1022 2238 1207 2286 vomiti
1193 2239 1272 2286 1116
1294 2238 1528 2288 calentem

285 2307 529 2373 Sanguinis
551 2307 788 2355 effundens
814 2325 894 2369 per
915 2305 1084 2355 hiantia
1105 2305 1281 2355 vitcera
1303 2305 1452 2353 rivum
1468 2341 1483 2366 ,

284 2373 343 2422 Et
369 2374 484 2422 subit
506 2374 684 2422 AEtolos
708 2375 966 2424 Atlanticus
989 2376 1149 2422 accola
1173 2390 1379 2434 campos.

353 2440 493 2488 Has
480 2456 595 2489 mter
618 2444 782 2508 strages
802 2441 960 2505 rapido
983 2457 1152 2490 terrore
1178 2440 1325 2488 coorti

284 2507 514 2557 Invadunt
534 2524 687 2586 terga,
711 2524 844 2574 atque
866 2509 1022 2558 averso
1047 2509 1227 2557 turbine
1248 2507 1445 2555 mistent

283 2575 448 2623 Bella
435 2575 623 2638 inopina
646 2577 732 2625 viri
747 2576 951 2640 ,Tyrius
974 2594 1087 2640 quos
1107 2576 1267 2625 fallere
1289 2574 1444 2622 (106103

281 2642 426 2691 Hanc
449 2643 593 2705 ipsam
616 2662 782 2710 pugnae
804 2647 948 2693 166101·
976 2643 1199 2692 ἴοι-11111131
1222 2642 1277 2690 ad
1300 2657 1472 2690 artem·

281 2709 607 2780 Succinstique
630 2711 748 2762 dolis
760 2712 1014 2781 ,fugerent
1034 2725 1121 2764 ceu
1144 2709 1317 2763 Punica
1337 2709 1474 2756 castra
1491 2743 1504 2765 ‚

1307 2773 1601 2826 Dediderant
