1627 3056
497 249 845 308 L1BER
924 250 999 307 X.
1362 273 1461 327 191

221 345 313 396 Cui
330 346 527 394 Poenus:
550 346 738 424 quinam
763 345 820 394 ad
841 345 980 395 cassos
1001 345 1127 394 furor
1154 344 1315 410 impuli
1320 362 1333 394 t
1356 348 1471 397 ictus

158 413 505 482 Exsanguem
477 415 598 462 tenio
627 415 863 462 dextram?
888 414 966 461 vix
989 431 1041 476 pr
1024 414 1134 462 ima
1155 433 1184 461 1
1169 415 1408 464 nomordit

158 482 394 550 Tegmina
421 482 625 530 Callaici
653 499 817 530 cornus
843 481 1145 529 tremebunda
1170 482 1365 532 metalli.

159 550 262 606 En,
285 549 425 597 reddo
451 564 528 597 tua
555 550 645 598 tela
668 549 784 597 tibi:
810 548 1124 597 memorabilis
1143 548 1220 597 ista

32 636 48 668 1
65 634 123 665 20
160 617 205 666 A
230 586 362 665 n'obis
385 617 517 666 mel
486 635 547 664 us
569 616 712 665 discet
735 616 941 664 bellare
930 632 1157 681 juventus.

159 686 237 734 Sic
261 685 445 748 propria
467 684 616 733 miseri
641 684 866 751 transfigit
890 686 1070 748 pectora
1094 702 1253 732 corno

162 753 226 800 At
251 768 437 813 contra,
465 752 774 802 horrendum!
806 752 873 801 bis
893 751 1020 799 terna
1047 751 1219 814 spicula
1245 749 1404 799 dextra

161 820 311 867 Torta
333 821 494 868 volant
509 819 817 883 ‚paribusque
842 834 977 867 ruunt
1001 819 1235 867 conatibus
1262 819 1410 867 hastan

161 886 307 935 Haud
332 886 462 936 secus
488 905 541 935 ac
565 885 744 951 Libyca
767 887 921 936 faetam
944 887 1146 935 tellure¹
1135 905 1328 935 ieaenam

32 969 120 1012 125
157 954 367 1004 Venator
388 954 554 1017 premit
581 954 751 1003 obsesso
775 972 917 1019 quum
945 957 1135 1003 Maurus
1158 955 1202 1002 in
1227 970 1354 1002 antro
1370 992 1385 1016 ‚

162 1021 393 1072 Invadunt
412 1023 560 1070 rabidi
579 1022 849 1086 jamdudum
866 1061 878 1083 ,
899 1027 939 1070 &
964 1023 1118 1070 inania
1140 1036 1317 1070 tentant

164 1088 395 1138 Nondum
419 1089 486 1137 sat
511 1089 643 1137 firmo
668 1090 807 1139 catuli
832 1090 1084 1138 certamina
1107 1090 1261 1139 dente.

160 1156 404 1205 Consumit
427 1158 593 1220 clypeo
618 1159 735 1219 tela,
748 1164 825 1219 „&
839 1157 1103 1220 εΟΙΙΕὲὶι15
1090 1175 1135 1205 ιη
1166 1174 1290 1205 arma
1306 1194 1320 1218 ‚

161 1224 393 1272 Sustinet
381 1239 591 1291 ingentes
614 1197 942 1289 crepitantibus
969 1216 1127 1273 ifflbus
1155 1226 1298 1273 hastas

34 1305 126 1354 330
164 1290 376 1340 Sidonius
397 1292 590 1340 ductor:
615 1310 701 1341 nec
727 1291 818 1357 jam
841 1311 922 1356 per
941 1294 1134 1343 vulnera
1158 1292 1325 1352 credit,

165 1361 264 1408 Aut
290 1376 372 1422 per
396 1372 461 1407 tot
485 1359 631 1407 caedes
663 1362 814 1411 εᾶυῐη
838 1361 937 1409 satis
967 1362 1155 1426 (iraque
1181 1361 1396 1419 anhelat)

166 1426 237 1476 Ni
257 1427 350 1474 leto
378 1426 453 1474 det
475 1429 636 1476 cun&a
658 1426 836 1487 virum,
861 1427 1110 1495 jungatque
1131 1427 1344 1491 parenti,

168 1493 401 1556 Corpora,
424 1500 465 1542 &
487 1494 669 1543 excidat
690 1495 874 1544 miseros
897 1513 1005 1543 cum
1027 1496 1156 1557 fiirpe
1177 1510 1384 1559 penates.

228 1561 370 1609 Tunc
382 1562 575 1610 Abarim
588 1562 773 1625 affatur3
792 1580 992 1627 namque
1008 1581 1098 1611 una
1114 1562 1189 1611 hic
1207 1564 1406 1622 armioer
1421 1562 1484 1611 iria}

39 1643 92 1692 13
108 1640 126 1687 5
167 1629 460 1678 Flammabat
470 1643 680 1690 martem,
695 1646 828 1694 atque
842 1648 1001 1678 omnes
1012 1648 1166 1678 comes
1180 1630 1271 1678 ibat
1283 1631 1325 1680 in
1339 1632 1486 1680 aretusa

169 1696 424 1760 Suppedita
447 1697 560 1745 mihi
579 1698 687 1745 tela·
710 1698 853 1746 Vadis
875 1698 1056 1746 liventis
1077 1698 1257 1746 Averni

167 1764 367 1813 Demitti
388 1765 551 1831 globus
577 1765 656 1813 ille
680 1765 833 1827 cupit,
854 1766 931 1829 qui
954 1766 1098 1813 nostra
1119 1765 1305 1813 lacessat

173 1832 467 1899 Tegmin23
458 1851 550 1898 jam
571 1833 708 1881 stultae
729 1833 900 1881 fruetus
925 1833 1101 1895 pietatis
1121 1833 1334 1882 habebit.

169 1900 288 1949 Haec
311 1899 428 1948 fatus
444 1901 634 1966 ,jaculo
661 1892 867 1961 Lucam,
893 1900 970 1964 qui
996 1899 1222 1948 maximus
1244 1901 1359 1963 aevi,

38 1980 134 2023 ‚140
171 1968 449 2035 Transegit
438 2006 452 2031 ,
478 1967 659 2031 pressa
649 1985 718 2032 Ju
716 1969 826 2016 enis
850 1985 955 2016 cum
977 1968 1162 2029 cuspide
1183 1969 1342 2017 labens

171 2036 319 2086 Arma
341 2038 472 2099 super
491 2036 687 2084 fratrum
709 2035 919 2098 resupino
941 2035 1142 2083 concidit
1161 2053 1252 2082 ore.

173 2102 471 2152 mortiferum
492 2104 600 2151 inde
621 2120 761 2150 manu
780 2118 1107 2166 properantem
1124 2120 1154 2152 x
1158 2103 1297 2150 ellere
1316 2102 1491 2154 ferrum

169 2171 272 2221 Pilo
295 2171 551 2221 Volsonem
574 2178 591 2233 (
611 2188 811 2234 namque
839 2171 928 2217 hoc
953 2170 1010 2218 de
1030 2170 1208 2236 strage
1197 2187 1433 2233 yacentum

173 2238 291 2288 Fors
312 2238 476 2297 dabat)
503 2237 653 2287 adfixa
678 2237 828 2285 sternit
849 2255 929 2300 per
951 2238 1151 2315 tegmina
1176 2255 1297 2287 nare.

39 2314 134 2361 345
173 2306 557 2365 TumVesulum‚
571 2304 720 2353 calido
735 2305 1015 2369 lapsantem
1003 2323 1049 2352 m
1068 2304 1493 2371 sanguinefratrum

173 2373 293 2423 Ense
310 2373 438 2422 metit
456 2345 642 2436 rapidoe
658 2373 935 2437 plenamque
955 2373 1097 2433 (heut
1118 2375 1311 2421 barbara
1328 2392 1355 2424 x
1362 2373 1492 2439 irtus)

176 2441 353 2490 Abscifi
378 2443 589 2508 galeam,
616 2440 805 2501 capitis,
829 2458 914 2488 ceu
938 2439 1097 2488 missile
1126 2442 1271 2488 telum

181 2482 460 2558 Converfis'
448 2527 494 2557 tn
518 2523 647 2575 terga
666 2508 790 2570 jacit.
811 2508 1082 2569 Telesinus,
1105 2508 1162 2555 ad
1186 2507 1280 2556 offa

180 2575 306 2623 Illiso
327 2576 433 2624 saxo
449 2594 575 2640 ,qua
597 2575 725 2638 spina
747 2575 984 2627 interstruit
1009 2591 1156 2634 artus,

45 2657 72 2701 3
88 2655 145 2704 50
180 2641 440 2692 Occumbit
457 2683 469 2704 ,
492 2643 727 2707 fratrisque
751 2644 877 2692 videt
897 2643 1096 2692 labentia
1117 2643 1328 2690 membra

181 2710 463 2774 Quercentis
479 2752 491 2772 ‚
513 2729 652 2777 quem
672 2711 816 2759 funda
838 2712 1001 2776 procul
1024 2729 1105 2774 per
1127 2711 1262 2758 inane
1280 2709 1438 2761 voluta

178 2778 393 2850 sopierat
406 2818 422 2846 ‚
443 2779 555 2831 dum
573 2779 838 2848 supremam
857 2778 1099 2834 Telesinus
1118 2777 1166 2833 in
1191 2795 1322 2830 auras
