1653 3056
183 167 302 221 'tro
561 161 1293 224 Str,111TAL1cr

316 256 496 307 Alvum
531 259 734 324 deprensi
757 260 974 311 satiabant
992 260 1121 310 fonte
1144 263 1329 322 leones,

316 325 414 374 Aut
437 328 530 375 acia
551 328 607 375 ad
630 327 822 377 fluvium
840 329 1027 378 torrenti
1049 328 1261 392 lampade
1281 327 1384 378 solis

312 391 538 442 Armenta
552 433 564 454 ,
587 400 628 442 &
646 398 771 444 taRae
791 395 913 444 foedzl
936 397 1155 464 gravitate
1175 414 1256 459 per
1274 412 1406 445 auras

314 460 388 508 Ac
409 463 513 510 tabe
534 462 705 511 afflatus
721 463 1152 512 volucreS.'Semesa
1171 463 1383 528 jacebant

186 532 278 574 160
317 527 430 576 Ossa
451 528 545 576 solo
568 528 753 579 informi
774 549 783 578 ε
810 533 993 595 lateque
1015 532 1214 595 repletus
1229 571 1239 591 ‚
1262 536 1303 578 &
1325 529 1455 594 asper

314 594 506 644 Vastatis
539 596 778 664 gregibus,
800 598 929 664 nigro
957 599 1156 646 ructabat
1181 597 1227 646 in
1251 613 1394 648 antro,

313 662 448 726 Isque
473 665 551 711 ubi
571 663 769 713 ferventi
795 678 1018 728 concepta
1042 666 1253 714 incendia
1277 666 1399 726 pastu

313 729 511 796 Gurgite
535 733 768 779 mulcebat
788 733 946 794 rapido
967 771 978 791 ,
1001 738 1041 779 ἃ
1068 732 1379 795 spumantibus
1400 730 1529 779 undis
1546 769 1559 790 ,

313 795 539 844 Nondum
562 797 699 846 etiam
719 814 814 848 toto
838 798 1067 846 demersus
1089 814 1281 860 corpore
1299 798 1343 846 in
1364 816 1575 857 amnem,

183 869 269 923 [ὃς
307 863 413 917 Jam
437 878 572 926 caput
594 866 789 914 adversae
815 867 1014 927 ponebat
1041 865 1245 932 margine
1267 865 1388 928 ripae.

314 933 582 993 Imprudens
603 946 734 980 tantae
762 934 893 995 pestis
915 933 1155 1000 gradiebar
1170 972 1182 994 ,
1208 933 1394 998 Aquino

307 997 646 1066 Apenninicola
663 1040 676 1062 ‚
703 1016 836 1065 atque
857 1000 1043 1048 Umbro
1067 1001 1306 1048 comitatus
1329 1000 1510 1048 Avente
1532 1019 1545 1049 τ

310 1066 439 1114 Scire
461 1084 644 1128 nemus,
669 1085 924 1131 pacemque
949 1067 1043 1115 loci
1063 1068 1301 1130 explorare
1322 1066 1507 1116 libebat.

375 1132 573 1199 Jamque
589 1133 975 1199 propinquantum
990 1134 1150 1183 tacitus
1166 1134 1416 1196 penetravit
1432 1133 1478 1182 in
1494 1147 1613 1183 artus

176 1215 270 1256 170
306 1197 488 1248 Horror
504 1241 515 1262 ‚
540 1208 578 1249 &
602 1203 785 1250 occulto
807 1201 1041 1269 riguerunt
1062 1202 1230 1269 frigore
1254 1204 1476 1249 membra.

307 1268 327 1315 Ι
332 1281 533 1315 ntramus
547 1282 724 1327 tamen,
744 1274 784 1316 &
804 1267 1047 1332 Nymphas
1073 1286 1334 1332 numenque
1354 1285 1596 1331 precamur

308 1332 516 1401 Gurgitis
534 1334 706 1401 ignoti3
729 1335 1017 1400 trepidosque
1038 1341 1080 1384 &
1106 1335 1248 1383 multa
1270 1349 1488 1399 paventes

304 1401 491 1450 Arcano
518 1401 686 1468 gressus
710 1402 927 1452 audemus
955 1402 1140 1450 credere
1164 1403 1288 1452 luco,

306 1467 431 1517 Ecce
456 1487 481 1517 e
504 1470 750 1532 vestibulo,
777 1469 1019 1534 primisque
1048 1488 1073 1518 e
1093 1468 1300 1519 faucibus
1326 1469 1442 1518 antri
1474 1492 1476 1494 ’

179 1548 264 1593 175
305 1535 553 1584 Tartareus
577 1539 710 1585 turbo
726 1576 737 1597 ‚
763 1553 897 1601 atque
926 1537 1082 1585 insano
1108 1536 1264 1585 saevior
1285 1536 1408 1585 Euro

305 1603 496 1663 Spiritus
517 1604 742 1667 erumpit,
767 1605 979 1667 vastoque
1000 1620 1025 1652 e
1052 1618 1232 1670 gutture
1253 1603 1352 1652 fusa

307 1669 574 1734 Tempestas
599 1671 769 1732 oritur,
796 1671 984 1720 mixtam
1011 1671 1193 1720 stridore
1220 1671 1477 1734 procellam

305 1736 537 1786 Cerbereo
565 1737 846 1803 intorquens.
871 1738 1104 1788 Pavefaffi
1130 1739 1258 1787 clade
1284 1738 1477 1788 viciffim

305 1802 603 1867 Adspicimus
625 1814 634 1854 Ε
664 1807 872 1855 resonare
897 1805 1045 1854 solum
1064 1845 1075 1866 ‚
1098 1806 1320 1870 tellusque
1342 1805 1544 1863 moveri,

178 1885 194 1916 t
211 1873 267 1915 80
301 1870 456 1936 Atque
486 1886 664 1921 antrum
692 1892 851 1926 ruere3
879 1879 921 1922 8<
941 1873 1020 1923 vifi
1047 1873 1295 1935 procedere
1319 1875 1482 1923 Manes
1505 1883 1516 1920 ι

304 1938 508 2002 QuantiS,
527 1940 686 1989 armati
712 1943 881 1991 coelum
909 1938 1080 2001 petiere
1109 1940 1336 2007 Gigantes

302 2006 570 2074 Anguibus,
595 2023 671 2058 aut
691 2024 882 2074 quantus
902 2008 1062 2059 Lernae
1086 2007 1259 2056 laffavit
1278 2008 1323 2056 in
1348 2007 1482 2056 undis

306 2075 768 2140 Amphitryoniadem
801 2077 1009 2137 serpens3
1035 2074 1272 2139 qualisque
1295 2090 1529 2124 comantes

306 2141 435 2190 Auro
461 2142 659 2192 servavit
682 2162 832 2192 ramos
859 2143 1083 2196 junonius
1109 2147 1265 2209 anguis
1288 2181 1301 2204 ,

178 2212 264 2267 185
304 2209 481 2258 Tantus
505 2210 722 2273 disiuncti
748 2211 909 2260 tellure
932 2211 1009 2259 sub
1033 2211 1143 2259 astra
1168 2209 1408 2258 coruscum

304 2276 483 2325 Extulit
504 2277 729 2344 assurgens
755 2293 915 2342 caput,
942 2293 1075 2344 atque
1098 2277 1144 2326 in
1168 2278 1319 2326 nubila
1343 2276 1540 2342 primam

306 2343 528 2406 Disperlit
550 2345 720 2395 saniem
737 2384 748 2405 ‚
774 2353 815 2395 &
839 2346 1008 2394 coelum
1033 2344 1221 2394 foedavit
1250 2345 1391 2394 hiatu.

372 2410 681 2479 Diffugimus,
703 2427 978 2477 tenuemque
994 2428 1117 2462 metu
1146 2430 1367 2463 conamur
1389 2407 1542 2460 anheli

305 2476 498 2527 Tollere
529 2480 782 2530 clamorem
803 2482 958 2530 frustra
981 2501 991 2528 z
1016 2499 1122 2529 nam
1148 2479 1274 2528 sibila
1296 2494 1444 2530 totum

180 2560 271 2600 190
303 2546 564 2609 Implebant
591 2565 767 2597 nemus.
798 2549 859 2597 At
884 2548 1023 2597 subita
1051 2548 1294 2598 formidine
1321 2563 1468 2598 caecus
1485 2582 1500 2607 ,

307 2611 368 2661 Et
392 2613 498 2662 facti
522 2614 801 2665 damnandus
822 2617 978 2665 Avens
1013 2621 1032 2677 (
1052 2615 1128 2665 sed
1151 2616 1243 2665 fata
1268 2614 1538 2675 trahebant)

306 2679 519 2750 Antiquae
541 2682 735 2753 quercus
757 2683 934 2752 ingenti
955 2686 1118 2742 robore
1143 2683 1238 2735 sese
