1627 3056
261 210 322 261 ga}
682 247 683 250 ,
799 204 1029 246 Nota

271 273 353 315 'fide
371 272 570 314 adstrifflis
594 270 698 326 apud
722 273 850 313 hostes
873 275 1095 314 haberetur.
1120 274 1183 314 De
1205 269 1438 312 sacramenti
1459 270 1562 312 sane·

262 331 388 369 'ritate
410 327 515 380 apud
539 329 761 367 Romanoa
791 326 896 367 Vide
915 329 940 367 1.
968 327 1059 365 XII.
1083 341 1170 371 302·
1195 331 1233 366 &
1255 339 1340 378 quae
1364 337 1385 364 e
1404 323 1558 364 Gellio.

326 397 421 432 474.
453 380 639 421 Tendere.
660 380 721 420 Sic
744 394 899 420 omnes.
918 381 1057 420 Innuit
1073 381 1224 432 Heyns.
1247 383 1419 419 vendere.
1437 378 1560 417 Dixit

273 435 440 489 quidem
465 435 610 474 Cicero
639 435 682 473 in
697 435 865 474 Verrem
881 465 892 482 ‚
924 436 1133 474 ..honores
1154 433 1207 472 ad
1225 432 1564 472 nundinationem

271 508 302 525 ῃ
323 488 530 529 traduxisti
552 507 578 524 r>
605 487 672 527 sed
699 502 835 540 parum
864 500 952 528 tuto
983 500 1216 527 mutaretur.
1249 487 1425 526 Tendere
1451 483 1564 524 idem

275 557 319 582 ac
346 542 545 594 porrigere
574 555 616 580 ut
642 542 808 582 habetur
839 541 883 579 in
911 542 1138 587 Cicerone,
1169 540 1232 579 cui
1263 540 1387 580 etiam
1412 538 1564 578 ἀὶξὶυηι

274 601 492 642 mandare,
519 595 719 644 perhibere
748 597 937 635 honores.
970 594 1104 642 Quare
1127 607 1213 633 non
1240 595 1426 632 tendere?
1457 590 1565 632 Vide

309 664 365 691 uae
388 665 426 689 v.
457 655 547 694 563.

274 666 303 704 q
328 711 423 752 478.
455 700 664 753 Exsangui
680 731 697 748 ,
729 703 802 740 ὅτε.
838 700 930 740 Huc
951 702 1054 740 recte
1077 699 1199 739 trahit
1217 699 1426 740 Drakenb.
1445 698 1566 739 verba

274 756 421 797 Licinii
445 754 488 793 in
518 755 658 801 Livio,
687 759 736 795 V.
762 767 793 792 c.
822 762 883 792 18.
910 754 1097 808 mejam,
1124 758 1198 794 &c.

338 818 430 859 480.
461 807 543 847 En.
584 808 646 846 Sic
676 806 767 847 vere
806 820 918 848 vetus
950 809 1054 847 male
1080 809 1281 860 negleC’ms
1311 820 1334 847 a
1364 807 1494 846 Drak.
1525 808 1566 845 &

275 862 471 914 Heynfio.
513 863 642 914 Prope
676 874 709 900 c.
749 860 793 899 P.
827 863 875 900 ἃ.
900 861 968 901 Εη
990 892 1007 910 ,
1037 863 1071 901 δ’
1106 862 1305 912 saepiffime
1346 871 1564 900 mutantur.

280 916 414 961 <Vide
441 916 467 953 l.
489 916 537 954 X.
559 929 597 953 v.
625 928 712 959 113·
734 915 871 966 quanti
898 914 941 954 fit
967 916 1047 955 haec
1080 912 1272 961 notasse.)
1291 915 1426 968 Vulgo
1454 930 1471 953 e
1495 927 1566 952 no-

277 969 350 1010 bis.
379 970 490 1010 Dein
517 968 609 1021 lego
632 968 755 1007 vobis.
786 971 835 1007 In
860 966 981 1007 duob.
1011 968 1136 1020 antiq.
1163 968 1273 1007 uobis
1302 981 1385 1006 non
1403 967 1529 1008 nobis.

328 1033 423 1073 487.
445 1021 517 1061 Ex
538 1035 660 1073 aquo.
683 1021 743 1060 Ut
767 1021 809 1060 in
831 1020 988 1062 Justino
1003 1052 1014 1068 ‚
1042 1023 1067 1061 1.
1094 1021 1242 1061 XLIII.
1268 1035 1300 1061 c.
1322 1036 1384 1067 15.
1401 1039 1428 1056 cc
1444 1020 1568 1061 faedus

275 1095 304 1115 a>
325 1091 376 1116 ex
397 1089 511 1128 aequo
533 1077 618 1122 jure
641 1087 846 1127 percutere
861 1093 910 1122 υ,
932 1074 976 1115 id
995 1076 1070 1123 est,
1096 1075 1236 1115 traiter
1258 1074 1392 1128 d’e'gal
1414 1074 1439 1114 ὰ
1467 1073 1567 1128 e‘gal.

273 1135 400 1183 Supra
430 1133 597 1181 pendere
627 1144 638 1166 .·
672 1128 714 1168 id
755 1128 808 1167 est
831 1158 848 1176 ,
886 1142 930 1169 ut
959 1129 1060 1169 alter
1086 1129 1248 1169 alterius
1280 1129 1449 1181 expensa
1483 1141 1571 1168 non

273 1185 419 1225 solvat.

332 1252 424 1288 491.
452 1235 589 1276 Fides.
621 1235 730 1276 Male
760 1249 792 1275 c.
818 1235 910 1276 Col.
931 1236 1055 1286 fido,
1088 1250 1112 1276 a
1139 1235 1305 1276 librario
1338 1235 1407 1289 qui
1435 1234 1569 1283 junxit

270 1292 361 1343 fido
396 1304 486 1330 cum
509 1291 683 1342 senatu,
716 1302 757 1328 ut
790 1291 885 1340 saepe
913 1290 970 1339 ita
996 1291 1180 1349 transsata
1213 1291 1372 1330 fuerunt
1400 1289 1570 1329 nomina

277 1345 471 1393 adieetiva
491 1357 501 1382 ε
526 1342 636 1396 quod
659 1344 741 1392 jam
770 1344 938 1390 notavi,
972 1344 998 1383 l.
1016 1347 1051 1383 Ι.
1081 1353 1168 1394 178.
1199 1344 1317 1385 Fidos
1340 1356 1473 1383 autem
1493 1372 1505 1389 ,
1526 1341 1570 1381 id

275 1399 355 1444 est,
377 1410 477 1451 quos
491 1397 543 1437 ad
559 1398 725 1436 salutem
744 1396 885 1448 patriae
901 1395 1080 1436 fidiffime
1095 1399 1370 1451 proponebat,
1396 1410 1439 1436 ut
1451 1397 1571 1436 verba

274 1453 408 1495 :tullii
434 1453 629 1503 usurpem.

332 1516 435 1556 495·‘
454 1504 636 1555 Campus.
664 1503 725 1542 Sic
739 1502 916 1543 Beneffa.
933 1504 1105 1544 Huetius
1118 1536 1134 1552 ,
1150 1504 1278 1544 Drak.
1308 1504 1418 1543 Male
1437 1503 1570 1556 plures

277 1559 433 1612 antiqui
456 1559 619 1608 campis.
640 1560 770 1596 Staret
788 1557 953 1610 quidem
975 1557 1109 1611 quoad
1136 1559 1334 1609 syntaxim
1353 1588 1364 1605 ‚
1387 1558 1572 1610 personat

278 1618 314 1654 δ’
337 1614 455 1653 ludus
481 1612 631 1663 campis
645 1642 660 1658 ,
686 1612 727 1649 ni
747 1625 863 1651 antea
882 1611 1030 1652 diCtum
1047 1612 1265 1663 plan-{ibus
1286 1613 1418 1665 ingens
1440 1627 1451 1650 .·
1476 1625 1569 1651 nam

276 1668 320 1708 in
349 1666 466 1706 Livio
484 1695 494 1710 ‚
530 1667 556 1704 1.
594 1665 776 1704 XXXIX.
801 1679 832 1704 c.
872 1680 932 1711 15.
960 1683 986 1700 α
1012 1666 1225 1706 ululatibus
1259 1667 1328 1718 qui
1357 1667 1572 1717 personant

274 1739 304 1759 ιω
326 1734 412 1760 tota
440 1720 535 1759 urbe
560 1736 613 1766 ³³,
651 1718 719 1757 sed
749 1717 813 1757 hic
851 1720 908 1759 nil
935 1718 995 1758 aad
1032 1731 1132 1758 tem.
1164 1720 1315 1773 Agitur
1351 1718 1403 1760 de
1429 1733 1569 1771 campo

277 1773 453 1817 Ῑιίῖαντὶο.

330 1836 424 1877 496.
453 1826 643 1876 Raptum.
674 1824 773 1864 Duo
802 1823 961 1876 scripti,
992 1826 1042 1865 R.
1073 1839 1108 1865 2.
1135 1826 1242 1865 Aliis
1266 1837 1424 1877 captum
1448 1856 1459 1873 ,
1499 1839 1572 1866 nec

276 1884 388 1922 malo
408 1881 532 1919 sensu.
564 1877 674 1928 Καρὶ
689 1877 822 1917 dolore
838 1907 849 1924 ,
870 1879 980 1916 sensu
1003 1878 1191 1928 medico,
1227 1880 1269 1918 in
1292 1880 1434 1927 Celso,
1459 1879 1570 1921 idern

278 1951 324 1975 ac
348 1949 461 1975 mort.

329 1997 424 2038 498.
456 1985 597 2036 Puppi.
629 1984 679 2024 C.
699 1984 792 2023 Col.
810 1982 950 2022 Oxon.
985 1997 1028 2023 ut
1058 1985 1082 2023 1.
1106 1985 1201 2024 Vll.
1224 1993 1316 2036 464.
1334 2000 1424 2026 cum
1449 1986 1571 2027 tertio

271 2046 399 2090 casu,
441 2044 479 2080 &
507 2038 617 2077 aiibi.
652 2037 759 2077 Aliis
785 2036 963 2087 puppim.
1005 2038 1159 2078 Confer
1191 2053 1277 2093 quae
1307 2043 1484 2080 Lucanus
1520 2042 1573 2082 de

280 2108 408 2137 uxore
436 2092 602 2144 Magni,
625 2091 650 2129 1.
681 2092 732 2130 V.
761 2098 851 2140 760.
881 2092 961 2144 seq.
1166 2090 1173 2094 ”
1214 2108 1219 2113 ·

336 2157 426 2195 506.
456 2146 615 2185 Poenos.
639 2144 700 2183 Sic
725 2157 867 2184 omnes
889 2144 1056 2198 antiqui.
1077 2145 1306 2186 Confirmat
1325 2145 1450 2200 glossa
1471 2161 1504 2188 c.
1522 2149 1574 2189 T.
1605 2166 1612 2189 ς

279 2203 410 2245 Poeni.
443 2201 551 2239 Male
586 2198 674 2237 aliis
690 2207 829 2248 poenas
1467 2204 1469 2207 “

336 2270 426 2303 515·
448 2253 600 2292 litora.
625 2251 765 2290 Imitat
795 2253 941 2291 Lucan.
957 2251 1088 2302 fertur
1108 2256 1160 2293 ad
1183 2283 1201 2302 ,
1235 2257 1309 2293 &a
1344 2253 1534 2307 litoraque
1553 2285 1570 2304 ,

279 2315 355 2351 δίε.
383 2309 409 2348 l.
433 2309 480 2346 V.
507 2316 597 2345 800.
629 2305 733 2346 male
752 2305 861 2358 vulg.
888 2307 1034 2356 sidera.

343 2371 432 2409 518.
459 2358 628 2409 Perfide.
660 2359 806 2397 Lucan.
832 2359 951 2398 V111.
977 2368 1069 2405 652.
1167 2406 1170 2408 v

337 2425 424 2462 526.
454 2414 598 2454 Letum
625 2413 667 2450 id
697 2427 894 2452 commune
919 2413 1056 2467 fitiffet
1079 2430 1092 2452 .-
1119 2413 1192 2465 sed
1221 2427 1292 2453 nos
1319 2419 1374 2453 acl
1401 2429 1573 2466 poenam.

276 2470 376 2511 Haec
403 2466 580 2508 reddidit
608 2465 771 2505 Modius
805 2480 826 2506 e
854 2481 888 2505 c.
914 2468 1010 2507 Col.
1041 2468 1181 2506 Oxou.
1210 2466 1514 2510 Confirmantut·
1537 2483 1574 2510 c.

275 2525 328 2563 T.
348 2525 400 2563 R.
432 2536 468 2560 2.
500 2519 717 2561 Mediolani.
746 2520 902 2560 Desunt
929 2521 972 2560 in
997 2521 1085 2560 aliis
1110 2521 1299 2573 antiquis.
1447 2526 1450 2529 '

339 2585 428 2624 ⁴538·
464 2574 658 2617 Orientes.
691 2574 739 2612 C.
762 2573 854 2613 Col.
884 2575 934 2615 R.
970 2589 1008 2615 2.
1042 2576 1177 2627 Prope
1200 2575 1245 2614 in
1275 2589 1307 2615 c.
1337 2575 1424 2618 Ox.
1462 2575 1572 2616 Hau-

277 2629 428 2670 tientes.
465 2628 575 2668 Aliis
606 2626 831 2666 Humentes.

321 2697 414 2729 ⁴539·
449 2680 639 2732 Proefixo.
680 2679 782 2719 Vide
810 2682 844 2721 1.
878 2681 934 2720 ΙΙ.
976 2696 1064 2732 344.
1105 2679 1537 2735 Gellium'praesertin1
1558 2713 1571 2731 ‚

273 2735 303 2778 ἒ.
329 2737 402 2779 VI.
431 2750 464 2778 c.
488 2752 537 2787 4.
555 2737 691 2784 senec.
718 2734 838 2791 Epist.
868 2743 937 2786 98.
964 2734 1016 2779 de
1045 2734 1217 2787 Piovid.
1248 2750 1280 2778 c.
1315 2751 1352 2787 ς.
1380 2737 1570 2833 Εἰεεῑοὲι.

204 2807 223 2812 .,
1550 2801 1573 2833 e
