1653 3056
176 195 285 250 14⁶³
421 157 427 162 ¹
549 171 1301 234 SIL111TALIC‘1

303 272 636 334 Damnatoque
669 270 827 319 Defim
852 271 1085 336 quondam
1109 289 1194 334 per
1217 270 1421 321 carmina
1446 286 1612 338 campo

305 337 467 386 AEtolae
496 338 643 386 rursus
667 337 863 386 Teucris
885 338 1143 405 pugnabitis
1162 341 1347 389 umbrae.

175 411 268 469 485
307 405 480 452 Punica
503 405 749 453 Romuleos
773 406 976 470 quat-ient
997 424 1107 454 mox
1129 406 1302 469 spicula
1323 424 1509 472 muros3

306 472 552 535 Multique
576 472 842 521 Asdrubalis
864 473 1059 539 fulgebit
1084 474 1226 539 strage
1249 475 1502 529 Metaurus.

307 539 438 587 Hinc
463 540 539 586 ille
558 580 570 601 ,
595 538 641 587 in
663 539 784 588 furto
816 541 992 608 genitus
1009 581 1021 602 ‚
1045 543 1285 605 patruique
1309 541 1448 604 piabit

306 608 439 654 Idem
461 607 581 654 ultor
604 607 829 672 patrisque
857 626 1022 657 necem
1047 627 1060 657 ε
1089 623 1188 656 tum
1214 608 1318 656 litus
1339 608 1484 658 Elissae

307 673 528 735 Implebit
549 674 742 722 flammis
757 715 768 735 ,
791 676 1049 740 avelletque
1070 676 1186 724 Itala
1209 676 1404 724 Poenum

173 760 270 803 490
306 740 498 790 Viscera
520 755 791 802 torrentem,
814 748 856 789 &
882 742 1075 804 propriis
1102 743 1330 804 superabit
1348 745 1395 791 in
1418 743 1521 792 oris.

305 808 435 856 Huic
459 808 691 875 Carthago
718 808 875 870 armis,
899 809 1007 857 huic
1035 808 1196 857 Africa
1218 810 1407 858 nomine
1434 810 1584 862 cedet.

308 874 407 923 Hic
429 875 553 924 dabit
574 893 630 923 ex
654 875 747 924 sese
771 877 847 940 qui
872 876 1002 924 tertia
1023 877 1144 924 bella
1166 876 1351 944 fatiget,

307 942 367 991 Et
395 942 595 991 cinerem
623 941 782 1007 Libyae
805 944 922 992 ferat
943 943 989 990 in
1018 943 1248 1006 Capitolia
1271 945 1433 994 vi&or.

371 1010 492 1073 Quae
516 1010 627 1059 dum
649 1028 812 1058 arcana
836 1008 991 1060 Deum
1015 1028 1141 1059 vates
1160 1012 1337 1060 evolvit
1357 1011 1402 1060 in
1427 1023 1554 1060 antro
1573 1049 1586 1071 ,

174 1092 266 1139 495
305 1076 411 1129 Jam
444 1079 641 1138 monita,
668 1084 707 1127 8<
732 1077 929 1126 Fabium
957 1078 1158 1144 bellique
1196 1079 1491 1144 equitumque
1519 1096 1618 1127 ma·-

507 1145 642 1211 gister
893 1187 895 1189 ,
1548 1196 1556 1198 ξ

306 1210 509 1260 Exuerat
531 1227 684 1260 mente
701 1252 712 1274 ,
735 1229 788 1260 ac
809 1230 1010 1276 praeceps
1034 1211 1249 1261 tendebat
1269 1211 1314 1260 in
1333 1213 1526 1261 hostem.
1574 1244 1577 1247 v

306 1277 500 1326 Pascere
526 1296 611 1326 nec
633 1279 799 1326 Poenus
820 1297 1015 1340 pravum
1041 1297 1093 1327 ae
1115 1279 1286 1326 nutrire
1307 1279 1515 1327 furorem

304 1343 502 1406 Deerat,
527 1351 590 1403 &‚
616 1359 666 1393 ut
690 1363 832 1408 parvo
856 1346 1030 1404 maiora
1053 1346 1110 1392 ad
1132 1344 1294 1408 proelia
1316 1345 1484 1394 damno

307 1411 535 1471 Eliceret‚
558 1413 694 1460 dabat
720 1411 951 1460 interdum
975 1411 1228 1460 simulantia
1248 1425 1390 1478 terga.

169 1491 269 1537 3οο
307 1479 421 1527 Non
449 1480 606 1541 aliter,
630 1478 769 1542 quarn
790 1478 868 1543 qui
889 1477 1039 1542 sparsa
1060 1495 1140 1541 per
1161 1479 1314 1544 stagna
1337 1476 1554 1541 profundi

305 1546 485 1595 Evocat
506 1564 532 1594 e
554 1546 736 1610 liquidis
760 1545 939 1609 piscem
963 1545 1271 1608 penetralibus
1294 1545 1428 1595 esea:

308 1613 565 1676 Quumque
587 1613 743 1661 levem
766 1612 945 1660 summa
964 1610 1077 1661 vidit
1097 1611 1190 1675 jam
1220 1627 1329 1661 nare
1351 1613 1431 1660 sub
1457 1609 1580 1661 undfi
1594 1647 1610 1674 ‚

306 1677 456 1727 Ducit
480 1678 712 1740 captivum
738 1678 910 1726 sinuato
933 1678 990 1726 ad
1014 1679 1147 1726 litora
1169 1676 1277 1726 lino.

376 1744 518 1794 Fama
542 1745 651 1794 furit
670 1744 822 1794 versos
844 1746 986 1793 hostes
1004 1785 1017 1805 ‚
1040 1744 1328 1808 Poenumque
1349 1744 1543 1794 salutem

179 1825 267 1870 505
307 1810 532 1860 Invenisse
553 1812 661 1879 fuga
686 1832 694 1858 :
720 1811 855 1859 liceat
879 1811 908 1859 si
933 1812 1147 1871 vincere,
1171 1810 1313 1858 finem

306 1878 516 1927 Promitti
539 1879 723 1926 cladum
749 1898 758 1925 :
783 1877 857 1926 sed
886 1878 1010 1926 enim
1037 1877 1205 1925 ditione
1230 1894 1386 1940 carere

305 1945 567 2004 Virtutem,
590 1953 631 1994 &
652 1963 809 2007 poenas
829 1944 1119 1994 vincentibus
1140 1942 1227 1991 effe
1248 1943 1459 2006 repostas.

307 2014 585 2063 Clausurum
605 2013 697 2072 jam
722 2013 861 2060 castra
887 2012 1053 2060 ducem
1073 2051 1084 2070 ,
1110 2009 1347 2074 rursusque
1367 2009 1527 2061 referri

307 2079 503 2144 Vaginae
526 2079 741 2144 jussurum
769 2081 896 2127 enses
913 2118 924 2139 ,
954 2078 1167 2126 reddatur
1194 2076 1240 2124 in
1269 2077 1404 2126 armis

175 2163 199 2205 5
215 2164 226 2193 ι
240 2163 267 2192 0
303 2148 376 2193 Ut
397 2145 508 2193 ratio
523 2185 536 2206 ,
560 2159 725 2213 purget
746 2146 874 2193 miles
890 2186 901 2204 ‚
924 2163 1004 2194 eur
1024 2143 1187 2194 vicerit
1206 2143 1394 2193 hostem.

306 2212 427 2261 Haec
448 2213 614 2278 vulgus
632 2252 644 2273 ‚
668 2230 851 2261 necnon
874 2213 1060 2260 Patrum
1080 2210 1289 2259 Saturnia
1314 2223 1491 2259 mentes

306 2279 496 2329 Invidiae
518 2279 696 2327 stimulo
718 2279 834 2328 fodit
853 2284 895 2326 &
925 2277 1220 2343 popularibus
1241 2277 1373 2325 auris.

305 2347 450 2394 Tunc
472 2345 660 2413 indigna
681 2346 772 2395 fide
796 2344 983 2394 censent
997 2383 1012 2405 ,
1033 2345 1322 2409 optandaque
1342 2345 1509 2403 Poeno,

309 2413 431 2476 Quae
451 2430 563 2461 mox
583 2413 707 2462 haud
727 2431 870 2476 parvo
892 2413 1071 2460 luerent
1092 2412 1303 2460 damnata
1325 2411 1520 2474 periclo,

179 2493 202 2538 ς
218 2491 269 2536 15
375 2478 609 2528 Dividitur
635 2480 790 2542 miles3
811 2480 1048 2544 Fabioque
1081 2477 1377 2543 equitumque
1400 2477 1613 2545 magistre

308 2545 507 2608 Imperia
535 2562 767 2609 aequantur
791 2546 985 2609 penitus,
1009 2545 1263 2606 Cernebat,
1288 2552 1330 2594 &
1347 2585 1359 2607 ,
1384 2563 1544 2610 expers

306 2614 483 2661 Irarum
499 2652 512 2674 ‚
537 2613 683 2662 senior
706 2631 897 2680 magnas
919 2631 975 2661 ne
999 2613 1217 2676 penderet
1237 2613 1317 2662 alti

307 2679 483 2731 Erroris
498 2698 659 2747 poenas
684 2680 832 2734 Patria
860 2680 1120 2755 inconsulta
1136 2718 1150 2744 ,
1178 2679 1383 2733 timebat·
