1627 3056
247 155 323 206 τοῖς·
775 156 819 199 N
849 169 878 198 o
905 167 934 199 τ
966 168 1005 200 πε

241 227 364 264 etiam
392 222 538 278 Hosco.
565 227 616 266 In
642 224 760 267 Livio
787 228 841 267 est
864 228 1026 279 Hiostus
1043 260 1053 277 ‚
1087 230 1246 272 XXIII.
1274 243 1306 271 c.
1331 244 1396 280 40.
1424 228 1538 271 Maso*

242 286 341 333 ergo
364 279 494 333 Ofens
521 281 564 319 in
592 281 774 334 vulgatis.

304 339 391 382 348.
426 333 563 374 Pacis.
596 334 808 388 Eleganter
831 338 881 378 R.
902 352 934 377 1.
972 338 1070 379 Ben.
1086 341 1144 387 fut
1167 338 1208 378 in
1234 340 1330 378 Stat.
1353 336 1446 376 VII.
1470 343 1539 377 26.

241 388 342 427 lenis
378 386 479 428 hell?
498 419 514 436 ‚
558 389 598 426 in
633 391 762 431 veteri
792 392 1013 444 exemplari
1035 423 1046 440 ‚
1090 406 1176 432 non
1210 392 1341 434 hellis.
1384 390 1541 431 Similia

244 443 364 482 habet
392 443 518 482 Drak.
542 442 671 491 infra,
704 459 742 484 v.
773 459 867 496 424.
1140 468 1146 473 ·

243 550 266 591 Ι
303 511 393 545 353·
423 498 673 547 compendia.
704 500 783 539 Cui
807 500 1028 554 opponitur
1056 500 1258 555 dispendia
1276 501 1413 555 fuga,
1441 500 1541 539 Stat.

272 578 280 589 .
313 565 402 596 320.

305 619 396 652 354·
435 603 636 659 Virgulta.
672 607 773 646 Tres
807 608 939 660 scripti
967 639 979 656 ,
1020 609 1070 650 R.
1101 623 1136 648 2.
1172 607 1298 657 Quod
1333 621 1355 648 e
1389 605 1546 649 Sallust.

247 659 461 711 fragment.
494 660 629 699 histor.
659 664 798 713 probat
825 663 953 702 Drak.
980 663 1089 702 Aliis
1109 662 1275 703 occulta.

315 721 403 761 356.
441 712 681 768 Fastigatur.
725 716 770 754 C.
812 717 904 755 Col.
939 717 1107 768 optime.
1158 718 1220 756 Ex
1250 716 1363 769 aquis
1399 724 1547 765 nempe

248 768 465 807 verticibus
493 769 685 808 altiffimis
715 769 868 810 eminet
893 771 1033 811 insula.
1060 771 1163 812 Aliis
1189 771 1432 825 castigatum
1464 781 1549 807 non

251 821 411 875 sequor.
439 823 548 862 Male
570 825 672 863 hanc
702 837 844 863 vocem
872 826 1052 878 neglexit
1081 826 1208 864 Drak.

313 891 403 923 370.
438 876 505 916 Ac
535 877 711 919 viduata.
751 882 801 918 In
836 892 869 918 e.
903 879 988 932 02}-
1023 879 1241 921 inviduam.
1278 879 1325 918 C.
1351 878 1395 917 P.
1428 878 1462 916 ἃ
1487 875 1549 915 νὶ-

251 934 385 971 ιίιιατα.

320 1001 407 1033 373.
433 985 616 1026 Pallida.
660 987 723 1026 Sic
759 1000 901 1027 onmes
936 990 976 1026 &
1009 990 1123 1027 reEoe.
1167 986 1320 1026 Frustra
1351 985 1554 1038 squallida

253 1039 408 1091 Heyns.
436 1040 506 1080 Ait
534 1042 660 1080 Drak.
700 1037 736 1080 se
768 1054 853 1081 non
883 1040 1110 1094 intelligere
1148 1041 1246 1095 quid
1280 1041 1449 1092 pallida.
1493 1041 1554 1078 En

255 1093 391 1133 locum
422 1094 577 1141 Plinii,
605 1095 632 1133 1.
658 1098 716 1135 ΙΙ.
740 1109 772 1134 c.
799 1110 860 1141 30.
878 1096 1036 1147 pallore
1061 1095 1153 1136 anni
1175 1095 1369 1135 εοητῖηιιο.
1393 1097 1557 1145 Nempe

256 1149 365 1188 triste
392 1148 476 1188 illic
505 1149 653 1188 coelum
682 1150 776 1202 quia
801 1151 862 1202 ἀὴρ
899 1152 1044 1188 {va-mea
1075 1150 1212 1202 θολέρος
1247 1155 1285 1190 ὡς
1318 1150 1444 1188 ὶπὶποιν
1466 1179 1477 1195 ,
1516 1161 1558 1186 ut

255 1202 313 1240 ait
344 1203 509 1246 Pausan.
540 1203 635 1244 loco
657 1205 722 1243 cit.
745 1218 768 1243 a
798 1205 926 1244 Drak.
956 1205 1027 1243 An
1052 1205 1198 1244 mirum
1231 1217 1326 1256 ergo
1352 1203 1377 1243 fi
1402 1201 1560 1255 pallida

254 1255 345 1296 ‘illic
364 1270 460 1297 arva
482 1289 498 1305 ,
531 1258 599 1296 ubi
625 1258 682 1296 sol
707 1258 777 1297 vix
808 1271 909 1310 puro
934 1259 1113 1310 splendet
1141 1259 1321 1297 lumine?

316 1326 419 1404 3752:1
442 1311 547 1405 Qu‘iJ
571 1311 789 1365 postquam.
820 1314 944 1353 Reffie
967 1326 1124 1353 ornnes.
1162 1312 1313 1365 Ineptit
1342 1309 1405 1349 hic
1431 1309 1559 1349 Drak.

260 1379 351 1405 eum
425 1379 444 1405 e
476 1378 574 1405 n10.

319 1428 410 1470 384.
440 1382 648 1474 ἐπῄνεσε.
679 1420 741 1460 Sic
763 1421 940 1461 Homer.
960 1438 988 1455 ec
1006 1419 1202 1461 venissent
1224 1408 1277 1460 ¹ad
1300 1418 1470 1470 exsertos
1491 1429 1564 1456 en·

266 1475 322 1513 ses
358 1474 499 1523 nisi»,
529 1474 578 1515 11.
606 1475 737 1516 XVII.
772 1489 859 1523 530.
897 1474 1004 1514 Vide
1033 1487 1114 1515 not.
1144 1475 1196 1515 ad
1227 1476 1254 1515 1.
1287 1474 1357 1511 IX.
1387 1486 1488 1518 314,
1522 1474 1562 1510 δί

263 1528 371 1568 infra
392 1560 403 1577 ,
440 1543 481 1567 v.
513 1536 604 1577 651.
628 1531 653 1570 l.
684 1530 815 1569 XVII.
838 1533 931 1580 408.
960 1532 1055 1568 Stat.
1078 1531 1126 1568 X.
1148 1543 1240 1581 450.
1268 1526 1407 1565 Simile
1432 1526 1474 1564 in
1502 1523 1568 1562 Li-

261 1585 335 1623 vio
364 1614 375 1636 ‚
420 1583 614 1624 XXVIII.
655 1598 688 1624 c.
720 1599 755 1623 2.
785 1597 848 1624 res
878 1583 1028 1636 gladiis
1054 1585 1140 1637 geri
1173 1592 1313 1635 coepta.
1351 1584 1437 1622 Stet
1466 1589 1565 1633 ergo

263 1636 383 1678 lectio
410 1636 594 1688 Heynfii.
618 1639 728 1678 Male
749 1638 837 1677 aliis
871 1648 1066 1690 experto-5.

322 1696 414 1738 385.
441 1691 565 1731 Dira.
596 1693 645 1731 C.
671 1692 765 1732 Col.
794 1694 846 1732 R.
877 1705 915 1732 2.

323 1759 415 1793 391.
449 1744 508 1784 Ut
532 1759 630 1785 cevo.
664 1746 724 1784 Sic
754 1745 916 1797 scripti,
947 1746 998 1785 R.
1028 1759 1065 1784 2.
1096 1745 1204 1784 Aliis
1231 1745 1271 1784 in
1298 1757 1393 1784 avc.

326 1813 416 1848 395.
440 1797 563 1840 Vitis.
588 1799 886 1838 Centurionum
910 1797 1060 1852 insigne
1083 1799 1139 1837 ait
1167 1799 1333 1837 Marsus.
1359 1794 1463 1836 Vide
1486 1794 1570 1836 Lu*

269 1866 354 1893 can.
394 1851 464 1892 VI.
497 1859 584 1900 146.
617 1856 655 1891 ὅ(
677 1853 746 1893 3ῐ1.
771 1852 875 1890 infra
898 1882 909 1899 ‚
940 1866 979 1890 v.
1003 1859 1101 1900 465.

242 1907 243 1912 ’
329 1921 420 1955 399.
452 1905 625 1958 Cyzicus.
658 1906 726 1947 De
758 1919 850 1959 rege
878 1904 1025 1957 accipe.

325 1976 422 2010 404.
451 1959 629 2002 Viribus.
659 1960 720 2001 Ut
740 1960 884 2013 virgil.
910 1959 980 1997 IX.
1008 1973 1103 2009 431.

327 2024 422 2064 408.
452 2013 637 2066 Hausisti.
669 2014 775 2055 Male
799 2029 832 2054 c.
858 2014 907 2053 T.
931 2014 982 2052 R.
1013 2028 1048 2052 2.
1073 2010 1231 2064 auxzssi.
1253 2010 1316 2051 Sic
1337 2011 1365 2053 1.
1385 2010 1457 2053 IX.
1484 2017 1578 2056 230.

271 2069 416 2112 auxere
437 2097 452 2118 ,
488 2069 532 2107 in
558 2070 686 2107 Drak.
711 2081 785 2120 pro
813 2067 988 2108 hause're.

332 2137 430 2174 422.
469 2123 661 2164 Acerras.
694 2123 796 2161 Livi.
824 2120 978 2161 xxm.
1009 2134 1042 2161 c.
1073 2135 1132 2171 17.

329 2193 423 2228 424.
454 2176 651 2217 Nuceria.
683 2177 787 2217 Livi.
811 2176 962 2215 XXIII.
987 2188 1019 2215 c.
1049 2189 1111 2221 15.

332 2240 425 2282 426.
453 2231 634 2283 Casilina.
669 2231 772 2270 Livi.
801 2230 954 2269 XXIII.
981 2243 1013 2270 c.
1042 2243 1101 2279 17.
1134 2227 1160 2268 l.
1190 2227 1336 2267 XXIV.
1367 2240 1402 2267 c.
1427 2229 1492 2267 18.

331 2301 430 2336 431.
459 2286 621 2325 Petilia.
653 2286 756 2324 Livi.
783 2285 935 2323 XXIII.
960 2297 993 2323 c.
1022 2297 1083 2330 20.
1112 2296 1173 2329 30.

338 2356 430 2389 434.
465 2340 678 2380 Tarentus.
723 2340 826 2377 Livi,
862 2339 986 2377 XXV.
1018 2351 1050 2376 c.
1089 2340 1139 2384 8,
1180 2353 1230 2386 9,
1281 2349 1325 2374 11
1350 2365 1360 2381 ,
1401 2346 1477 2380 ῖς,
1517 2346 1583 2374 22.

280 2393 308 2434 l.
334 2394 482 2433 XXVI.
513 2409 546 2434 c.
577 2409 640 2434 20.
677 2409 737 2442 39.
773 2393 874 2432 Mox
895 2393 1071 2444 sedebat.
1106 2391 1210 2431 Livi.
1239 2388 1385 2428 XXVI.
1416 2401 1449 2426 c.
1478 2402 1539 2438 15.

336 2452 430 2497 438.
458 2448 668 2488 Faucibus.
704 2447 805 2485 Livi.
831 2447 956 2484 XXV.
983 2459 1018 2487 c.
1056 2460 1114 2485 11.

331 2516 429 2551 44c.
447 2502 643 2553 Infimdit.
659 2502 707 2541 C.
725 2500 816 2539 Col.
843 2501 888 2538 In
906 2501 954 2540 R.
975 2514 1009 2540 2.
1032 2497 1228 2554 diffimdit.
1259 2496 1366 2536 Aliis
1381 2495 1556 2552 fflndit.

339 2572 432 2605 444.
471 2556 677 2607 Plaustris.
706 2554 808 2593 Livi.
832 2554 957 2592 XXV.
986 2568 1019 2594 c.
1057 2569 1116 2594 11.

340 2624 434 2659 451.
465 2610 605 2650 Amet.
631 2608 803 2661 Scripti,
834 2610 884 2648 R.
921 2622 952 2648 ῐ.
981 2608 1099 2647 Mars.
1129 2605 1236 2644 Aliis
1266 2616 1368 2645 avet.

342 2679 435 2712 453.
469 2666 669 2716 Adseffim.
700 2664 822 2703 Recte
851 2661 1009 2714 antiqui
1041 2662 1171 2713 plures
1191 2690 1201 2705 ,
1223 2658 1293 2698 nifi
1319 2657 1586 2712 quidam-ad-

273 2718 402 2772 fiffos
425 2750 441 2769 ,
486 2733 509 2761 a
532 2712 736 2762 Libratiis.
763 2718 828 2760 32:
858 2717 993 2771 scripti
1020 2715 1168 2770 vix-gn„
1198 2714 1225 2757 1.
1253 2712 1327 2757 m.
1365 2727 1453 2762 304.
1485 2711 1589 2767 adst.
