1653 3056
478 89 1042 194 sstBERVI.
1382 123 1566 213 109⁴v

177 232 423 300 Quidquid
449 232 495 282 id
518 235 578 283 est
603 233 732 290 duri,
757 250 842 295 en,
868 249 1021 281 rerum
1043 229 1260 280 inclinata
1279 231 1495 285 feramus.

48 316 144 362 120
180 303 312 351 Talis
336 302 441 368 lege
466 300 628 349 Deum
648 301 821 350 clivoso
841 299 1021 350 tramite
1043 298 1145 348 vitae

176 369 266 418 Per
289 369 438 418 varios
462 385 664 431 praeceps
687 368 813 417 casus
831 407 844 430 ,
866 382 965 416 rota
987 365 1189 415 volvitur
1210 365 1324 415 aevi:

176 436 259 490 Sat
279 435 390 496 tibi,
414 435 478 484 sat
498 453 695 503 magna,
717 441 760 484 δε
780 449 928 483 totum
948 434 1137 501 vulgata
1155 451 1238 498 per
1257 435 1419 482 orbem

176 504 308 552 Stant
324 502 604 552 documenta
622 501 784 551 domus
804 522 813 550 :
836 501 960 550 sacer
978 501 1059 550 ille
1072 541 1086 563 ,
1100 506 1142 549 &
1158 500 1346 550 numine
1364 502 1495 551 nul-lo

177 569 374 619 Inferior
392 609 405 631 ,
428 585 531 619 tuus
553 571 633 625 ille
660 587 823 635 parens
837 606 852 627 ,
876 569 1045 617 decora
1068 568 1157 616 alta
1177 568 1355 632 paravit

48 651 136 701 Ἴης
175 637 402 687 Restando
427 637 649 688 adversis:
677 654 765 686 nec
780 636 1011 687 -virtutem
1035 635 1163 684 exuit
1184 636 1330 685 ullam

181 705 307 755 Ante
323 743 338 764 ,
365 705 636 754 reIURantes
656 703 789 770 liquit
810 704 949 768 quam
970 701 1145 766 spiritus
1171 718 1308 753 artus.

249 772 346 822 Vix
365 771 541 835 puerile
567 771 680 820 mihi
700 787 880 835 tempus
905 769 1170 819 confecerat
1189 785 1319 833 aetas‚

177 837 345 902 Quum
366 838 517 902 primo
540 842 688 888 malas
713 839 916 905 fignabat
940 838 1145 905 Regulus
1167 855 1282 889 aevo,

177 905 361 955 Acceffi
384 923 564 967 comeS,
586 922 721 971 atque
748 923 908 954 omnes
932 904 1204 955 sociavimus
1232 923 1372 954 annos
1389 944 1402 968 5

42 988 69 1030 ι
82 991 141 1041 30
176 973 348 1022 Donec
370 973 461 1021 Dis
479 974 602 1022 Italae
623 973 772 1023 visum
795 974 856 1021 est
877 973 1160 1040 exstinguere
1182 974 1344 1022 lumen

180 1038 349 1089 Gentis
365 1077 376 1098 ,
403 1039 451 1088 in
473 1041 664 1108 egregio
689 1041 817 1103 cujus
837 1040 917 1089 fibi
936 1042 1118 1103 Ρεᾶοπε
1142 1042 1300 1089 sedem

177 1105 379 1172 Ceperat
403 1108 524 1156 alma
550 1109 686 1170 fides,
708 1122 1005 1172 mentemque
1028 1109 1244 1171 amplexa
1264 1109 1462 1157 tenebat⁰

174 1176 264 1224 Ille
285 1177 443 1224 ensem
464 1175 594 1224 nobis
614 1193 917 1242 magnorum,
940 1176 1064 1223 hunc
1078 1217 1089 1236 ‚
1110 1176 1244 1225 instar
1267 1176 1496 1226 honorum

180 1242 467 1308 Virtutisque
488 1260 599 1310 ergo
625 1243 775 1304 dedit,
797 1249 864 1304 &‚
888 1242 1111 1292 sordentia
1135 1244 1269 1293 fumo

45 1323 140 1375 335
180 1310 299 1374 Quae
327 1309 474 1359 cernis
497 1327 620 1360 nunc
635 1350 649 1372 ‚
671 1311 834 1373 frena3
857 1310 932 1358 sed
954 1311 1014 1358 est
1033 1327 1276 1377 argenteus
1304 1311 1406 1360 ollis

182 1377 358 1444 Fulgor
379 1397 389 1426 t
412 1394 501 1426 nec
521 1377 737 1442 cuiquam
763 1378 920 1426 Marus
943 1378 1005 1425 est
1029 1379 1125 1442 post
1146 1378 1256 1427 talia
1277 1379 1398 1427 dona

182 1444 299 1492 Non
330 1444 533 1511 praelatus
557 1462 711 1510 eques.
738 1444 920 1495 Verum
943 1445 1172 1508 superavit
1199 1446 1397 1495 honores

182 1511 370 1559 Omnes
388 1512 508 1559 hasta
528 1530 672 1561 meos.
695 1511 788 1560 Cui
807 1530 883 1560 me
905 1511 1048 1560 libare
1073 1511 1204 1577 Lyaei

179 1578 325 1643 Quod
342 1578 487 1628 cernis
501 1579 658 1628 latices
672 1619 684 1641 ,
700 1578 893 1646 dignum
909 1580 970 1628 est
984 1580 1267 1646 cognoscere
1285 1579 1499 1632 caussam,

49 1661 145 1706 =140
250 1645 486 1695 Turbidus
506 1662 682 1695 arentes
703 1646 828 1695 lento
851 1647 968 1710 pede
990 1647 1136 1696 sulcat
1157 1665 1318 1698 arenas

183 1713 392 1780 Bagrada
407 1754 419 1775 ,
440 1732 532 1763 non
552 1715 648 1763 ullo
669 1714 858 1779 Libycis
880 1714 924 1763 in
949 1714 1118 1763 finibus
1143 1732 1281 1765 amne

151 1786 153 1789 ’
182 1781 342 1830 νὶἃυε
366 1780 549 1831 limosas
572 1783 816 1831 extendere
839 1782 972 1831 latius
997 1783 1140 1832 undas
1157 1821 1172 1844 ,

182 1846 242 1896 Et
263 1849 495 1916 stagnante
520 1850 639 1899 vado
663 1851 842 1913 patulos
866 1850 1104 1900 involvere
1134 1867 1339 1914 campos.
1505 1893 1509 1897 .

181 1914 279 1964 Hic
297 1916 439 1965 studio
459 1916 648 1965 laticum
661 1957 673 1978 ,
692 1934 889 1982 quorum
908 1918 968 1965 est
988 1918 1110 1966 haud
1127 1919 1321 1987 prodiga
1337 1915 1472 1968 tellus
1479 1928 1498 1979 3

51 1993 145 2042 '145
184 1982 271 2031 Per
293 1983 410 2047 ripas
432 1983 522 2032 laeti
544 1985 668 2033 saevis
696 1985 988 2033 consedimus
1011 1986 1142 2036 arvis.

184 2051 340 2100 Lucus
363 2050 481 2117 iners
504 2050 655 2115 juxta,
680 2051 893 2119 Stygium
909 2091 922 2113 ‚
947 2053 1221 2113 pallentibus
1247 2051 1420 2102 umbris
1435 2089 1454 2114 ,

185 2116 406 2167 Servabat
425 2118 516 2167 fine
535 2119 630 2167 sole
651 2137 811 2168 nemus
827 2159 842 2180 ‚
863 2119 1126 2185 crassusque
1149 2138 1231 2184 per
1252 2138 1380 2169 auras

185 2184 371 2237 Halitus
393 2204 640 2248 erumpens
667 2200 844 2236 taetrum
864 2186 1124 2250 exspirabat
1145 2189 1334 2237 odorem
1354 2206 1369 2249 ;

185 2254 311 2301 Intus
336 2253 432 2301 dira
463 2253 650 2316 domus,
682 2271 916 2319 curvoque
940 2255 1154 2304 immanis
1177 2255 1223 2304 in
1252 2269 1380 2304 antro

49 2326 149 2379 1150
185 2320 280 2369 Sub
300 2334 439 2369 terras
460 2319 618 2383 specus
632 2362 643 2383 ‚
665 2327 708 2370 &
734 2322 871 2371 tristes
889 2322 981 2371 fine
1001 2323 1109 2372 luce
1135 2325 1354 2372 tenebrae.

251 2387 432 2436 Horror
455 2406 608 2437 mente
632 2388 748 2438 redit
770 2409 780 2437 τ
802 2391 1055 2439 monstrum
1089 2390 1321 2440 exitiabsse
1336 2430 1350 2453 ,
1372 2394 1414 2439 &
1439 2387 1507 2441 ir&

189 2454 390 2503 Telluris
413 2455 618 2521 genitum
637 2491 651 2514 ‚
678 2457 751 2506 cui
771 2475 851 2520 par
871 2457 951 2507 vix
974 2457 1140 2508 viderit
1159 2472 1263 2512 aetas

190 2521 307 2569 Ulla
336 2522 518 2583 virstm3
544 2522 722 2586 serpens
751 2539 938 2574 centum
961 2528 1192 2589 por-redtus
1214 2527 1263 2575 in
1290 2523 1420 2571 ulnas

189 2586 401 2637 Letalem
424 2589 569 2653 ripam
585 2629 599 2652 ,
622 2596 665 2640 &
687 2592 820 2641 lucos
841 2592 1076 2642 habitabat
1106 2593 1351 2642 Avernos:

56 2665 156 2725 M}
189 2656 404 2722 Immenfi
425 2656 686 2730 ingluviem
701 2659 898 2728 ventris,
917 2660 1254 2735 gravidamque·
1269 2657 1464 2725 xenenis
