1627 3056
160 161 283 229 ,234
515 149 1261 225 S1L11ITAL1C1

302 249 388 299 Ille
411 263 588 301 trucem
610 255 720 305 belli
741 260 914 307 nubem
929 301 942 322 ‚
970 260 1197 327 saevasque
1213 262 1440 327 procellas·

167 333 190 385 3
204 331 260 383 35
301 319 354 366 ln
376 319 573 383 Lybiam
588 322 816 375 violentus
840 343 971 395 aget;
999 329 1251 394 spe&abitis
1268 331 1347 395 ipfi

297 385 466 453 AEgida
489 391 669 439 turbato
691 395 971 457 quatientem
993 398 1038 447 in
1063 398 1224 462 proelia
1244 399 1433 450 mundO.

361 455 519 519 Atque
542 475 594 506 ea
615 459 793 512 Parnasi
819 465 1055 530 postquam
1077 467 1271 517 clamata
1293 468 1371 517 sub
1394 466 1533 519 antris

293 521 517 571 Adlatum
532 565 543 586 ‚
575 527 794 595 vulgique
816 532 947 581 Deus
970 535 1179 598 pervenit
1199 536 1254 584 ad
1276 554 1407 585 aures
1425 574 1444 597 ,

293 589 346 636 In
370 590 660 654 Capitolinas
680 599 889 648 certatim
912 601 1138 651 scanditur
1161 621 1310 666 arces,

158 671 254 720 340
288 657 650 727 Sternunturque
676 663 786 718 Jovi
806 707 820 729 ‚
849 674 890 717 &
917 670 1166 728 delubrum
1190 670 1411 741 sanguine
1442 671 1598 723 hono-i

485 745 603 779 rant.

287 792 419 842 Tum
437 794 597 846 Paeana
623 816 793 851 canunt
815 843 827 864 ‚
853 803 1154 871 responsaque
1177 805 1266 856 fida
1288 821 1550 872 precantur.

353 863 533 913 Interea
557 867 749 917 adsuetis
770 871 915 920 senior
935 874 1194 940 Torquatus
1212 875 1260 924 in
1281 877 1414 927 armis
1430 916 1447 941 ‚

282 927 640 996 Sardoas.patrio
663 938 892 1001 quatiebat
909 942 1053 991 milite
1071 958 1224 993 terras·

282 994 503 1063 Namque
521 1042 533 1061 ,
556 1017 705 1052 ortum
726 1006 865 1055 Iliaca
889 1009 1055 1067 iactans
1079 1014 1134 1060 ab
1156 1012 1331 1080 origine
1351 1029 1518 1064 nomen
1540 1052 1555 1078 ,

147 1077 240 1127 345
277 1063 331 1110 In
352 1066 473 1115 bella
497 1069 838 1140 Hampsagoras
856 1075 1026 1141 Tyrios
1045 1095 1261 1130 renovata
1283 1081 1487 1132 vocarat.

279 1130 436 1182 Proles
457 1138 647 1199 pulchra
667 1142 766 1189 viro
788 1183 799 1202 ,
827 1161 912 1191 nec
933 1145 1011 1193 tali
1034 1146 1170 1213 digna
1193 1164 1380 1210 parente

278 1197 450 1250 Hostus
470 1221 591 1266 erat,
619 1208 747 1270 cujus
769 1209 908 1258 fretus
934 1213 1140 1280 fulgente
1161 1214 1347 1279 juventa

274 1266 404 1330 Ipse,
427 1271 554 1334 asper
579 1277 702 1335 pacis
722 1316 733 1335 ,
757 1279 918 1326 crudos
941 1280 1031 1328 fine
1054 1282 1225 1331 viribus
1252 1301 1425 1346 annos,

276 1332 514 1387 Barbarici
531 1341 671 1390 fludio
688 1343 795 1393 ritus
811 1381 825 1402 ,
850 1345 1091 1397 refovebat
1113 1350 1158 1397 in
1181 1352 1332 1402 armis.

143 1412 238 1464 350
281 1401 412 1466 Isque
428 1407 506 1455 ubi
520 1403 813 1474 Torqu'atum
828 1414 990 1477 raptim
1003 1433 1244 1480 properata
1256 1419 1486 1470 ferentem

271 1468 416 1535 Signa
435 1474 584 1537 videt,
607 1494 862 1545 pugnaeque
883 1483 1040 1533 avidas
1061 1487 1283 1536 accedere
1304 1489 1483 1538 dextras
1497 1526 1516 1552 ,

272 1535 452 1588 Fraude
470 1542 562 1592 loci
583 1560 691 1594 nota
707 1586 719 1607 ‚
744 1548 970 1599 latebrosa
991 1569 1073 1614 per
1094 1552 1194 1603 avia
1217 1555 1350 1605 saltus

270 1603 466 1669 Evolat,
491 1615 533 1659 &
552 1652 564 1673 ‚
588 1614 769 1674 provisa
789 1616 911 1685 fugae
933 1621 1207 1683 compendia
1227 1641 1445 1687 carpens,

270 1670 489 1739 Virgultzi
511 1680 678 1745 tegitur
698 1683 820 1732 valle
836 1725 849 1746 ,
874 1691 915 1734 8(
937 1685 1253 1739 frondentibus
1271 1692 1464 1742 umbris.

135 1746 160 1800 '3
176 1749 229 1795 55
270 1739 419 1790 Insula
437 1783 448 1805 ,
471 1743 706 1798 flufflsono
732 1751 1076 1804 circumvallata
1097 1758 1328 1820 profundo
1350 1801 1363 1822 ‚

268 1804 518 1876 Fassigatur
537 1816 661 1877 aquis
682 1857 694 1878 ‚
721 1820 1064 1887 compressaque
1085 1827 1269 1893 gurgite
1291 1842 1431 1877 terras

265 1872 490 1927 Enormes
511 1882 726 1942 cohibet,
748 1888 880 1937 nudae
901 1888 981 1937 sub
1003 1891 1205 1959 imagine
1228 1895 1411 1958 plantae.

264 1942 379 1991 Inde
401 1946 594 1997 Ichnusa
617 1951 739 2014 priris
759 1953 915 2006 Graiis
941 1975 1195 2010 memorata
1217 1962 1393 2011 colonis
1419 2001 1432 2025 ‚

262 2008 407 2073 Mox,
432 2013 628 2082 Libyci,
653 2021 820 2070 Sardus
839 2063 850 2084 ‚
877 2027 1097 2091 generoso
1118 2027 1336 2095 sanguine
1355 2031 1502 2082 fidens

132 2079 225 2137 360
264 2076 485 2129 Herculis
507 2123 519 2143 ,
548 2103 605 2133 ex
630 2086 724 2137 sese
744 2092 940 2141 mutavit
963 2094 1148 2142 nomina
1172 2112 1315 2150 terrae.

262 2144 520 2198 Adfluxere
542 2153 678 2202 etiam
694 2196 706 2217 ,
730 2162 769 2205 ἃ
792 2157 914 2207 sedes
934 2162 1125 2225 posuere
1141 2168 1318 2215 coastas

257 2212 459 2276 Disperfi
480 2222 673 2288 pelag0‚
701 2227 797 2285 post
822 2243 948 2276 eruta
969 2229 1217 2298 Pergama,
1241 2234 1430 2286 Teucri.

325 2281 434 2332 Nec
454 2304 648 2349 parvum
673 2291 812 2342 decus
827 2335 838 2356 ,
867 2297 1055 2346 advefto
1076 2317 1183 2348 cum
1202 2301 1335 2350 class'e
1348 2304 1534 2365 paternii

257 2347 467 2415 Agmine
488 2353 805 2421 Thespiadum
825 2404 835 2422 ,
863 2365 991 2413 terris
1014 2406 1026 2426 ,
1056 2368 1200 2430 Iolae',
1223 2370 1392 2421 dedisti.

125 2415 216 2474 365
257 2413 403 2464 Fama
423 2421 483 2468 est
499 2460 510 2481 ‚
538 2441 680 2487 quum
700 2428 860 2480 laceris
875 2432 1059 2482 Astaeon
1079 2475 1091 2497 ,
1120 2436 1293 2499 flebile,
1325 2439 1547 2490 membris

249 2482 545 2547 Supplicium
568 2491 715 2543 lueret
739 2497 942 2560 spestatae
964 2500 1008 2549 in
1034 2503 1161 2553 fonte
1181 2505 1374 2571 Dianae,

251 2548 527 2604 Adtonitum
547 2560 748 2612 novitate
768 2566 879 2615 mali
896 2568 1056 2635 fugisse
1078 2587 1314 2631 parentem

251 2615 341 2664 Per
359 2618 475 2671 freta
498 2623 732 2677 Aristaeum
751 2672 762 2692 ‚
790 2639 831 2682 8<
853 2635 1046 2685 Sardoos
1067 2638 1144 2687 iffe
1164 2641 1356 2692 recessus
1375 2661 1388 2690 ε

249 2682 468 2751 Cyrenen
488 2695 749 2750 monstrasse
767 2699 924 2754 ferunt
945 2722 1067 2757 nova
1091 2707 1223 2759 litora
1243 2725 1457 2764 matrem·
