1627 3056
285 150 366 183 IN
422 141 791 187 Tex‘rUM.
843 137 1159 178 L1B.X111.
1301 143 1379 183 109

128 225 215 262 147.
249 210 469 255 Violenter.
497 210 545 248 In
572 211 620 251 R.
645 223 677 248 1.
694 203 834 248 Benes.
850 206 1047 246 violentus
1071 222 1082 243 .·
1105 205 1211 245 forte
1228 204 1379 245 veritis.

127 276 215 315 148.
234 265 315 306 En.
334 266 488 303 Locum
513 263 592 303 fine
615 264 724 303 sensu
754 262 917 314 reliquit
939 261 1068 300 Drak.
1085 259 1154 312 qui
1170 273 1255 298 non
1271 258 1379 299 vidie

70 321 105 358 Cr
129 321 171 358 in
203 333 236 359 c.
263 320 354 358 Col.
378 319 421 357 P.
451 320 504 359 R,
535 332 570 356 2.
598 318 789 369 scriptum
809 313 1026 374 fuiflssbpto
1049 328 1121 362 en,
1150 314 1198 353 ab
1230 314 1381 366 ignatis

69 373 258 412 librariis.
289 374 404 420 Pejus
428 387 474 411 ac
495 372 537 410 in
559 373 662 411 aliis.

127 441 217 477 149.
243 426 346 466 Huc.
376 428 497 467 Reete
525 440 557 465 c.
576 427 632 465 ‘P.
660 425 767 464 Aliis
789 423 905 471 huic,
930 435 973 463 ut
996 423 1100 462 male
1119 438 1156 462 v.
1182 435 1270 467 151.

129 496 219 531 ¹54·
248 481 404 533 Iusque.
435 482 482 519 C.
507 480 600 519 Col.
628 480 674 518 In
700 493 732 517 c.
757 479 808 517 T.
834 480 884 518 R.
912 491 943 516 1.
967 491 1003 517 2.
1026 478 1125 517 Ben.
1151 476 1275 529 usque.
1298 473 1380 516 Sed

64 533 202 589 jusque
232 537 422 575 scribebat
452 535 655 574 Huetius:
683 534 746 572 Sic
771 533 899 571 Drak.

129 605 217 639 155.
247 589 454 630 Praevetz't.
488 590 549 627 Sic
584 602 616 627 c.
646 589 739 628 Col.
772 588 823 627 R.
855 599 891 624 2.
920 585 1018 625 Ben.
1048 586 1152 625 Non
1184 582 1382 626 audiendi

69 643 139 682 alii
167 645 210 682 in
238 645 380 698 quibus
405 644 668 694 prevehitur,
706 655 749 681 ut
774 641 896 681 etiam
919 640 961 678 in
984 654 1015 679 c.
1043 641 1088 678 P.
1125 641 1228 679 Mox
1257 639 1300 677 in
1332 639 1381 676 iis

68 713 230 750 namque
258 702 292 739 δ’
320 698 488 750 capita,
516 698 582 737 vel
609 713 658 744 e,
686 699 747 744 Cr,
774 710 823 735 ex
849 709 988 746 capua.
1014 694 1061 732 In
1079 693 1384 745 Ben.proeveti-

69 763 152 792 tum
174 754 293 805 poen&
317 753 462 804 capitis
491 770 502 791 .·
527 752 575 792 fic
602 750 708 791 male
736 752 889 805 Dausq.
918 748 996 789 Sed
1021 752 1122 788 redte
1149 762 1181 787 c.
1210 749 1305 789 Col.
1333 747 1382 787 P.

71 821 236 859 namque
262 809 297 847 δ’
318 807 482 859 capital.

130 870 219 908 163.
249 862 301 901 In
327 863 445 902 omni.
478 861 527 900 In
551 860 660 900 c.‘T.
688 861 739 901 R.
771 874 803 899 1.
833 859 932 898 Ben.
962 860 1011 898 ab
1038 856 1158 898 omni.
1183 857 1313 896 Drak.
1343 856 1381 894 6*

70 916 209 964 omni,
235 931 320 956 non
345 915 503 956 melitis.
527 917 641 955 Nota
665 914 771 954 omni
796 927 870 967 pto
899 925 995 953 toto.

138 978 226 1032 165.
258 970 476 1026 Tranfigit.
501 970 658 1011 vitiose
688 971 732 1008 in
759 982 792 1009 c.
818 969 864 1010 P.
890 969 941 1009 R.
972 981 1008 1006 2.
1034 965 1250 1019 transfigit.
1278 962 1385 1004 Aliis

72 1036 161 1065 tran
180 1036 240 1065 nt.

132 1088 219 1120 168.
251 1080 425 1131 Deripit.
456 1080 503 1119 C.
532 1078 583 1117 T.
610 1077 659 1117 fic
683 1077 727 1117 in
752 1076 930 1130 Virgilio
955 1075 1127 1126 deripit,
1158 1073 1299 1125 eripit,
1330 1085 1384 1112 ex

70 1133 285 1181 Homero,
315 1134 364 1174 11.
390 1133 482 1173 XII.
512 1146 604 1178 190.
631 1133 716 1171 XX.
749 1142 838 1182 284.
870 1131 918 1170 In
944 1132 1075 1171 Drak.
1103 1134 1142 1171 &
1164 1131 1252 1169 aliis
1276 1132 1384 1167 dete·-

74 1188 138 1243 git
152 1204 171 1237 ,·
195 1187 356 1242 frigide.

135 1258 223 1294 171.
252 1243 408 1283 Levior.
427 1243 543 1281 NOta
566 1253 642 1293 pto
665 1239 875 1291 Zeviffz'mus
896 1257 907 1279 .·
933 1239 982 1280 fic
1001 1256 1038 1280 v.
1058 1254 1203 1291 227.--
1220 1239 1386 1288 Ib.per-

73 1302 174 1338 dere.
203 1297 266 1336 sic
291 1311 323 1337 c.
347 1298 431 1336 Ox.
454 1298 503 1336 R.
531 1311 564 1334 1.
589 1310 624 1335 2.
654 1297 772 1334 Mass.
796 1296 911 1334 Asul.
932 1296 1065 1348 Prope
1085 1309 1116 1333 c.
1134 1294 1382 1345 Rpergerex

73 1364 96 1390 a
114 1351 293 1392 librario.
317 1352 465 1391 Fumus
487 1350 540 1390 est
564 1351 606 1388 in
633 1350 781 1389 Medio
796 1354 983 1400 prendere
1001 1381 1017 1397 ,
1042 1362 1183 1389 contra
1203 1359 1385 1387 mentem

75 1407 262 1446 auetoris.
291 1407 365 1446 Dic
379 1423 404 1440 tc
422 1409 460 1445 ὃ(
478 1405 650 1445 Rutulus
674 1405 889 1444 leviffimus
909 1417 992 1442 non
1011 1403 1226 1456 perdebat,
1248 1399 1383 1454 perdit

74 1478 103 1496 υ
124 1473 234 1513 terga
252 1491 262 1508 ‚
289 1464 362 1500 &c.
381 1478 407 1496 υ
438 1460 503 1498 ubi
535 1458 678 1509 infinit.
713 1472 786 1511 pro
813 1457 1014 1497 indicativ.
1047 1472 1090 1497 ut
1120 1458 1221 1497 solet
1247 1457 1383 1508 po'eta.

74 1513 124 1553 ld
147 1516 200 1553 est
218 1546 226 1561 ,
255 1526 366 1568 terga
389 1513 474 1568 ejus
490 1515 720 1564 premebat,
752 1527 794 1551 ut
817 1513 843 1552 Ι.
867 1513 978 1552 XVI.
1001 1526 1094 1562 457.
1122 1513 1288 1552 Sensum
1310 1509 1384 1549 dat

74 1569 220 1622 virgil.
249 1570 298 1608 V.
328 1569 466 1617 5241.
498 1568 550 1606 ΙΙ.
584 1582 670 1617 530.
700 1568 725 1605 l.
747 1567 845 1609 XII.
870 1582 962 1617 754.

75 1676 110 1717 C
151 1628 240 1663 180.
277 1622 432 1664 Animi.
478 1624 765 1663 Romanorum
792 1652 804 1669 ‚
844 1619 1036 1673 exemplo
1074 1620 1259 1669 Rutuli,
1305 1618 1386 1660 five

113 1677 255 1717 laudii.

134 1741 220 1772 ¹82.
253 1732 498 1784 Ascendtcnt.
528 1728 602 1769 Nil
630 1730 735 1782 capit
764 1729 826 1769 hic
855 1730 985 1769 Drak.
1020 1732 1060 1768 &
1093 1726 1193 1767 dicit
1225 1726 1387 1768 videant

75 1786 281 1826 acutiores.
311 1787 433 1825 Certe
460 1784 577 1824 facile
601 1783 679 1824 fuit
705 1781 850 1824 vidiffe
877 1782 1023 1836 Virgil.
1050 1795 1173 1836 quem
1201 1782 1388 1823 imitatur:

72 1841 194 1882 Silius
219 1840 319 1881 AEn.
343 1840 413 1878 IX.
443 1846 533 1885 568.

273 1906 422 1947 Toedas
452 1904 523 1944 alii
549 1908 600 1944 ad
619 1903 791 1958 fhstigia
815 1905 979 1958 jaffant.

74 1975 138 2014 Sic
165 1974 452 2015 Romanorum
482 1972 596 2012 hastae
617 1973 824 2024 askendunt
848 1973 1031 2011 turribus.
1049 1972 1152 2011 Non
1177 1971 1308 2024 agitur
1332 1972 1388 2012 d'e

78 2029 257 2076 obfeffis,
291 2027 358 2067 sed
388 2026 439 2066 de
474 2026 762 2066 obsidentibus.
791 2029 914 2066 Sanus
942 2027 1054 2066 iocus
1085 2026 1161 2073 est,
1193 2028 1311 2066 &ita
1340 2026 1389 2065 in

75 2083 267 2124 omnibus
290 2082 476 2134 antiquis.
502 2082 635 2120 Miror
659 2079 721 2119 hic
746 2080 941 2133 infignem
964 2081 1261 2120 Burmannum.

138 2142 227 2186 183.
255 2137 343 2177 Nec
371 2149 554 2188 pronum.
590 2135 698 2174 Male
731 2136 924 2175 laceffitur
947 2136 986 2175 h.
1018 2150 1057 2174 v.
1086 2148 1109 2174 a
1133 2135 1391 2175 Burmanno,.

77 2193 219 2231 Sensus
237 2192 290 2231 est
310 2209 335 2227 c:
353 2191 486 2230 nullus
504 2190 592 2228 vult
611 2202 652 2228 ut
675 2189 724 2228 ab
742 2189 907 2229 alterius
924 2189 1075 2228 virtute
1093 2191 1159 2228 sua
1180 2190 1388 2241 superetur

76 2265 105 2284 ,η
126 2248 250 2286 virtus
268 2265 310 2286 υ.
340 2245 400 2284 lb.
429 2245 586 2284 virtute.
617 2245 678 2283 Sic
703 2257 736 2282 c.
765 2243 810 2282 P.
844 2243 944 2283 Ben.
971 2244 1094 2283 Huet.
1121 2244 1250 2283 Drak-

140 2306 213 2341 128
242 2300 494 2352 Et,super,
524 2297 1005 2352 effe‚fi›rtunam‚stbi,
1035 2302 1109 2338 &c.
1139 2298 1268 2337 Locus
1296 2297 1389 2337 dess-

80 2368 241 2409 petatus
267 2355 380 2401 aliis3
409 2359 446 2392 ὃς
467 2365 605 2392 tamen
629 2354 753 2392 sanus.
778 2352 908 2403 Super
932 2351 994 2391 hic
1014 2353 1148 2404 accipe
1171 2365 1254 2405 quo
1276 2353 1388 2392 sensu

74 2421 253 2461 praetem·
280 2407 329 2447 Id
356 2408 441 2455 est,
470 2424 495 2442 α
516 2411 555 2446 ὃς
582 2419 726 2459 ptaetet
748 2406 953 2446 fortunam
982 2406 1188 2447 faventem
1206 2436 1216 2452 ,
1244 2420 1388 2459 quem-

80 2481 108 2499 „
133 2476 209 2516 que
234 2461 302 2500 fibi
330 2459 406 2502 effe
427 2461 626 2502 ducemn.
649 2462 711 2500 Sic
733 2461 876 2513 Virgil.
898 2460 991 2500 XII.
1021 2476 1112 2512 714.
1128 2461 1278 2511 fbrs&
1304 2461 1392 2502 vir-

82 2528 146 2557 tus
181 2515 387 2568 miscentur
415 2517 454 2556 in
485 2531 614 2556 unum.
643 2517 735 2555 Nec
765 2516 882 2555 aliter
907 2514 1026 2562 Livi,
1060 2516 1089 2554 1.
1120 2514 1250 2555 XXII.
1284 2528 1316 2554 c.
1349 2529 1386 2562 5.

75 2572 168 2624 fhrs
192 2571 426 2623 conglobat,
447 2575 520 2611 &c.
539 2594 577 2600 ——
592 2570 667 2610 Nil
692 2572 935 2611 correlatum
959 2584 1049 2610 cum
1081 2569 1157 2609 hoc
1178 2569 1291 2608 versu
1314 2571 1391 2613 ᾔει-ι,

84 2626 154 2665 bet
176 2625 334 2666 Gellius
351 2627 404 2674 ,1.
425 2626 457 2664 Ι.
480 2639 512 2665 c.
539 2639 583 2671 13
601 2655 613 2673 ‚
643 2625 711 2663 ubi
735 2624 788 2664 de'
808 2625 924 2670 unica
945 2637 1047 2672 voce
1061 2624 1254 2681 ficpereffe
1277 2624 1391 2680 agite.

79 2679 227 2727 frustra
251 2693 350 2738 ergo
376 2679 557 2735 adfectus
581 2681 630 2732 ab
655 2678 850 2741 Hexnfio.
1136 2683 1139 2684 ’
