1627 3056
243 168 334 205 1N
398 160 767 203 TEXTUM.
824 155 1102 202 L113.X11.
1252 168 1330 200 ’ποι

80 240 144 282 34.
180 233 448 284 Parthenope.
475 230 582 270 Vide
607 231 712 272 Livi.
739 229 893 269 XXIII.
922 242 956 268 c.
988 242 1048 275 15.

78 303 138 333 51·
166 287 353 336 Incoepti.
390 288 511 325 Mars.
540 289 642 325 κᾶε
666 287 706 324 in
732 284 856 323 notis.
898 284 961 323 Sic
988 284 1016 323 l.
1046 280 1143 320 VII.
1168 296 1207 320 v.
1242 293 1337 327 1310·

16 341 129 379 'Aliis
163 341 320 390 incepta
355 342 418 379 vel
455 340 638 391 incoepta.
681 340 741 378 Ib.
775 338 933 378 Primii.
973 339 1136 388 Nempe
1172 336 1337 388 obseffd·

19 397 142 435 Reffle
169 396 224 432 ita
255 395 405 444 Heyns.

75 462 136 493 53.
156 448 371 487 Pluebant.
397 447 459 486 Sic
482 448 574 487 hinc
599 448 839 494 petrarcha,
866 446 893 485 l.
909 445 982 485 VI.
1000 449 1038 486 &
1054 446 1150 484 Stat.
1165 444 1196 483 l.
1211 442 1334 483 V111.

14 516 109 552 417.
137 502 349 553 Heynfius.
380 502 480 542 Aliis
522 503 692 541 luebant.

71 564 137 596 60.
170 557 393 597 Cumarum.
420 557 470 595 Vi
507 571 526 597 e
557 558 662 595 Livi.
691 554 846 594 XXIII.
875 568 907 593 c.
939 561 1002 600 36.

73 619 139 649 61.
169 611 373 663 Deseffzmi
391 611 528 663 subiit.
561 612 672 650 Male
696 610 858 663 defeffies
882 608 1039 662 in1aliis
1057 638 1067 654 ,
1097 621 1118 646 a
1142 619 1242 647 nota
1264 611 1331 646 dee·

8 665 134 717 sessii.
161 665 255 704 Jam
268 665 394 717 subiit
417 679 439 704 e
461 679 494 703 e.
515 665 607 705 Col.
635 666 786 705 Praeter
809 676 989 704 mentem
1015 662 1186 702 auetoris
1212 663 1333 704 habet

16 720 146 759 Drak.
179 721 266 770 defi’
301 734 345 758 us
363 719 543 773 subigit,
582 718 662 759 fine
687 720 811 758 sensu.

73 780 139 823 65.
175 774 341 815 Portus.
385 775 556 827 Optime
589 788 622 814 c.
655 774 747 814 Col.
788 774 890 813 Non
915 774 1050 825 sedere
1079 770 1244 822 portis,
1287 781 1349 814 ut⁴

19 826 278 880 inepteqaliis.

82 897 146 930 75.
183 883 315 922 Tenet
341 886 427 922 heu.
460 882 522 922 Sic
545 881 645 921 mihi
671 895 842 929 omnes,
871 895 946 921 nec
975 894 1103 921 muto.
1136 880 1217 919 Per
1241 893 1336 919 em—

17 935 167 987 phasim
199 937 320 976 iterat
346 948 478 985 tenet,
510 941 548 977 &
576 937 735 977 omittit
758 949 989 989 pronomen
1023 951 1065 975 ut
1091 936 1206 975 solet.
1238 935 1336 973 Mu-

20 990 123 1029 tavit
146 993 350 1031 Librarius
380 992 422 1029 in
447 1005 479 1030 c.
507 991 602 1032 Col.
629 992 695 1030 ubi
726 1003 811 1031 tene
835 1004 909 1042 pro
937 1002 1052 1030 tenet.

83 1060 147 1095 77.
186 1045 307 1085 Nunc
341 1047 490 1098 ausum.
524 1046 628 1086 Male
650 1059 683 1084 c.
708 1046 801 1086 Col.
831 1050 871 1085 &
901 1045 970 1085 alii
995 1057 1138 1085 omnes
1167 1057 1243 1082 non
1264 1057 1335 1082 au·²

11 1098 118 1150 sum.
150 1104 273 1140 Certe
299 1101 451 1151 eruptio
471 1100 580 1150 sacia
599 1131 608 1147 ‚
638 1113 660 1140 e
679 1100 798 1139 Livio
815 1100 969 1139 XXIII.
988 1114 1020 1139 c.
1042 1114 1103 1148 37.
1124 1098 1187 1137 Sic
1205 1112 1334 1145 nunc,

17 1152 48 1191 i.
79 1153 173 1192 VII.
204 1169 241 1194 v.
271 1169 359 1200 310.
389 1155 443 1193 est
465 1169 543 1194 non
568 1155 610 1193 in
634 1168 667 1192 c.
695 1154 740 1193 P.
766 1158 805 1194 &
829 1153 894 1193 hic
918 1154 944 1193 l.
973 1153 1067 1193 XII.
1095 1168 1134 1192 v.
1163 1166 1227 1202 24,
1253 1166 1334 1191 non

21 1207 206 1247 scribitur
235 1210 358 1248 etiam
383 1209 545 1248 nuncin
568 1222 606 1247 c.
628 1210 679 1247 T.
711 1212 751 1248 &
776 1223 815 1248 v.
838 1223 931 1257 493.
958 1223 1058 1248 nunc
1079 1207 1133 1247 est
1157 1222 1235 1247 non
1256 1237 1265 1252 ,
1289 1207 1335 1245 in

17 1260 199 1300 Beneffa.
231 1267 295 1303 Ita
322 1264 501 1302 variatur
526 1262 569 1301 in
590 1263 753 1302 Lucano
772 1294 781 1309 ,
815 1263 841 1302 l.
870 1263 948 1302 111.
970 1277 1062 1312 244.
1088 1262 1335 1314 Ineptiffimc

18 1314 143 1368 igitur
159 1318 287 1356 servat
304 1331 382 1357 non
400 1318 530 1356 Drak.
552 1330 693 1356 contra
712 1316 835 1356 fidem
854 1317 1026 1357 historiae
1052 1332 1060 1355 :
1090 1316 1159 1356 sed
1179 1316 1338 1367 Heyns.

21 1369 120 1409 silet.
149 1371 268 1411 Nunc
287 1403 297 1420 ,
327 1386 421 1413 nam
444 1373 543 1425 saepe
569 1371 694 1412 etiam
721 1373 924 1412 alternant
941 1403 952 1420 ‚
989 1385 1031 1411 ut
1057 1372 1171 1424 supra
1201 1385 1238 1411 v.
1270 1384 1334 1416 31.

19 1423 62 1463 in
86 1438 118 1463 c.
146 1427 198 1465 T.

79 1487 142 1517 82.
187 1479 375 1520 Peffora.
426 1481 491 1520 Sic
524 1493 667 1522 omnes
701 1480 858 1536 antiqui
882 1511 893 1529 ,
937 1491 1024 1520 non
1049 1481 1200 1531 peci'ore
1233 1491 1276 1519 ut
1309 1490 1334 1521 ι

18 1531 157 1573 Marso
192 1535 277 1572 alii.

76 1595 140 1626 86.
170 1587 351 1629 Virrius.
386 1588 501 1628 Inter
527 1589 627 1629 alios
652 1589 845 1630 Proceres
867 1589 1028 1642 Capuae.
1058 1587 1117 1629 Ib.
1144 1586 1336 1628 Immitis.

23 1641 91 1683 Sic
117 1655 258 1682 omnes
285 1644 603 1684 re&e.Immitia
623 1658 730 1684 certe
753 1646 953 1684 Romanis
970 1676 980 1691 ,
1013 1645 1144 1684 immo
1168 1643 1339 1696 asperri-

25 1709 94 1734 ma
125 1696 257 1736 fuerat
291 1698 465 1737 minatus
483 1730 493 1745 ‚
537 1712 557 1737 e
582 1699 701 1738 Livio
726 1699 878 1737 XXIII.
905 1713 937 1737 c.
965 1707 1005 1738 6.

83 1758 144 1796 89.
179 1750 296 1792 Bella
328 1752 492 1791 timeret.
536 1753 587 1791 C.
615 1754 708 1791 Col.
754 1753 862 1791 Aliis
891 1768 1011 1806 regna
1034 1768 1046 1790 .-
1081 1751 1150 1792 se'd
1183 1751 1338 1792 timeret

24 1803 80 1843 est
114 1804 155 1842 in
197 1807 386 1845 omnibus
419 1806 599 1859 scriptis,
633 1808 683 1848 R.
721 1820 755 1845 2.
787 1807 896 1847 Aliis
932 1819 1106 1855 teneret,·
1138 1818 1310 1848 tenerent
1333 1836 1348 1856 ,

21 1870 64 1897 ut
91 1855 273 1900 Beneffa.

74 1927 139 1956 91.
167 1913 361 1966 Sequenti.
397 1914 564 1952 Peffime
589 1913 629 1952 h.
654 1912 682 1952 l.
712 1926 921 1954 verterunt
951 1914 1112 1968 Anglus
1136 1919 1175 1955 δε
1196 1915 1341 1959 Italus.

19 1965 127 2013 Dic,
161 1973 199 2008 &
221 1970 337 2023 signa
357 1968 441 2019 fuoe
468 1967 570 2019 fugae
592 1980 660 2019 per
683 1968 826 2007 orbem
850 1983 936 2008 non
957 1968 1053 2009 dare
1081 1969 1215 2008 Minoi
1239 1984 1337 2011 eum

21 2020 262 2074 insequenti.
293 2022 369 2060 Sed
398 2023 497 2060 hanc
524 2021 698 2061 fabulam
732 2020 784 2062 de
808 2023 1041 2076 insequente
1067 2025 1212 2063 Minoe
1238 2038 1338 2064 con-

18 2075 124 2114 futat
150 2078 234 2116 val.
263 2078 368 2115 Flac.
397 2077 492 2128 iicet
517 2077 713 2129 Virgilius
744 2090 831 2118 eam
859 2078 1094 2119 admiserit:
1124 2080 1150 2118 l.
1175 2078 1246 2119 VI.
1274 2095 1337 2130 14.

23 2129 128 2169 Vide
154 2145 288 2171 meum
317 2130 495 2170 indicem
521 2132 723 2184 gallicum.

85 2193 171 2225 106.
206 2185 356 2236 Coepta.
385 2187 508 2225 Refte
540 2186 696 2236 Heyns.
723 2185 787 2224 Sic
819 2185 861 2224 in
890 2186 1010 2227 Livio
1036 2187 1182 2228 XXIX.
1206 2201 1238 2228 c.
1271 2201 1337 2235 35·

22 2236 135 2280 irrito
160 2241 344 2291 incoepto.
376 2240 484 2278 Infra
504 2254 541 2278 v·
566 2254 642 2288 405
662 2271 671 2285 ,
705 2240 800 2280 vani
821 2242 952 2291 coepti.

82 2309 170 2345 ¹07·
200 2295 454 2334 Dicarchoeci.
486 2293 592 2333 Vide
627 2293 733 2332 Livi.
764 2295 909 2334 XXIV.
941 2310 975 2336 c.
1012 2310 1074 2337 12.

78 2358 167 2388 118.
202 2349 393 2400 Discidit.
422 2349 484 2387 Sic
521 2349 695 2401 antiqui.
737 2350 900 2401 Nempe
930 2366 1071 2404 aggere
1097 2381 1107 2398 ,
1148 2350 1331 2400 χώματι,

19 2415 105 2454 quo
135 2402 316 2441 traduxit
345 2403 469 2440 boves
500 2402 706 2443 Gerionae.
742 2402 850 2442 Aliis
878 2404 1072 2460 dispulit,
1103 2406 1226 2446 male.
1297 2411 1303 2423 ”

80 2471 168 2502 119.
202 2456 349 2498 Viffor.
383 2457 430 2496 C.
457 2457 549 2495 Col.
584 2458 692 2497 Aliis
720 2460 857 2498 νειῗον,
1232 2499 1247 2509 N

84 2525 172 2560 127.
204 2509 418 2563 Voragine.
449 2511 497 2550 C.
520 2512 612 2550 Col.
638 2513 836 2553 voramine
851 2544 862 2561 ‚
892 2527 914 2552 a
937 2528 1092 2554 vorare.
1115 2514 1180 2554 sic
1201 2513 1338 2565 instag

26 2576 66 2602 v.
101 2579 187 2613 144.
208 2564 453 2616 spiramine,
485 2566 691 2616 aspirare.

87 2632 172 2665 130.
207 2620 271 2658 At
293 2620 418 2673 juxta
442 2621 691 2674 caligantes,
723 2621 895 2676 longum.
925 2622 971 2661 C.
999 2622 1093 2663 Col.
1123 2625 1175 2665 R.
1202 2638 1239 2663 2.
1260 2622 1335 2663 nifi

27 2671 73 2711 in
100 2672 145 2712 eei
165 2671 272 2726 justa
291 2706 305 2721 ,
336 2680 472 2714 errore
504 2676 658 2728 Typor.
700 2677 834 2730 Prope
865 2691 900 2716 c.
934 2678 982 2717 P.
1021 2679 1206 2718 Librario
1239 2691 1339 2718 cor-›-

26 2738 164 2780 ruptus
195 2739 238 2770 at
265 2728 391 2772 mixta
420 2728 634 2786 caligantis
663 2731 830 2787 locumq.
863 2730 941 2788 Sed
965 2730 1074 2774 deest
1098 2733 1155 2794 in·
1168 2732 1225 2774 eis
1238 2732 1337 2786 ficu,

1083 2799 1105 2830 e
1126 2799 1169 2841 ιι]
