1627 3056
270 169 353 228 {202
801 165 850 208 N
880 178 914 210 Ο»
940 176 969 209 Τ
998 178 1042 209 AE

329 244 373 275 13
385 242 419 276 ς.
454 227 680 281 Ostentant.
710 230 840 273 Drak.
869 248 901 276 c.
938 236 989 277 T.
1027 227 1077 276 I‘n
1103 248 1135 276 c.
1166 235 1214 277 Ρ.
1241 237 1472 290 obstentant.
1516 240 1588 287 110,

234 297 304 325 «ε.
340 283 432 325 Col.
462 286 547 325 Ox.
573 287 624 327 R.
653 301 686 326 1.
716 298 755 328 2.
788 288 968 340 ostentat.

330 347 421 398 138z
440 338 655 391 Exsibilat.
681 342 835 382 Mirum
860 344 978 398 qutim
1004 344 1205 398 ineptiunt
1231 344 1295 386 hic
1322 347 1507 389 Barthius
1532 352 1574 389 &

268 392 492 454 Heynfi'uS,
531 406 672 434 contra
704 397 862 437 testium
889 400 1200 453 experientiam.
1231 401 1370 443 Poetae
1394 416 1479 443 non
1497 416 1574 457 po-

265 447 341 488 test
360 447 483 494 objici
508 448 693 500 quodait
714 452 920 493 Lucretius
937 485 948 502 ,
978 454 1006 494 l.
1032 454 1105 496 VI.
1127 462 1218 504 677.

350 518 378 537 ει
400 502 585 541 Maxima
611 518 698 557 quae
723 505 828 546 vidit
848 507 1013 561 quisque
1037 509 1120 549 haec
1143 509 1323 561 ingentia
1347 508 1462 563 fingit
1476 528 1517 551 n.

325 569 414 606 140.
444 555 593 597 Fretis.
619 559 719 600 Duo
741 561 905 613 scripti,
937 564 989 603 R.
1018 577 1056 602 2.
1084 563 1221 615 Prope
1245 576 1278 602 c.
1299 564 1353 603 T.
1380 564 1572 619 P.fletz'.5.

266 609 381 650 Male
404 610 493 649 aliis
509 612 642 661 fhras.

288 716 297 726 ⁸
328 678 418 758 14135.
453 664 682 708 Mittantur.
710 667 868 710 Omnes
893 669 1063 723 antiqui.
1093 668 1206 710 Male
1230 669 1405 711 minatur
1430 684 1572 714 recen·
1603 701 1607 705 -

267 730 363 760 non
396 733 451 759 us.

324 787 413 819 152.
452 770 639 827 Vesvina.
672 775 807 817 Drak.
838 777 889 816 In
915 791 947 818 c.
984 778 1078 819 Col.
1106 791 1231 832 prope
1260 777 1447 833 Besvina.
1493 779 1573 820 Sed

265 838 300 867 ε.
338 828 384 868 P.
419 827 652 881 Vesuvina,
685 843 769 870 non
804 831 977 885 Vesvina
1011 847 1054 873 ut
1080 834 1203 873 refert
1233 834 1446 886 Heynfius.

326 896 414 931 153.
447 882 624 926 Stratus.
659 884 788 925 Drak.
827 887 997 940 optime.
1028 888 1075 927 In
1097 901 1130 927 c.
1158 887 1372 938 P.status.
1410 888 1472 928 Sic
1501 902 1574 928 va·

267 936 371 1030 riarg
400 937 550 988 statuis
573 970 591 989 ,
623 937 830 990 strumis,
871 956 911 984 v.
947 951 1040 992 285.
1081 941 1185 982 infra
1221 942 1262 981 in
1301 957 1336 983 c.
1368 943 1419 984 T.
1464 942 1577 984 Auis

288 1006 332 1030 ΓίΖ
369 1006 426 1032 118·

256 994 287 1051 'f
324 1061 412 1097 154.
444 1045 575 1089 Fatis.
609 1048 684 1088 Nil
711 1061 837 1089 muta.
871 1047 933 1088 Sic
957 1062 1100 1089 omnes
1130 1053 1247 1091 retae.

325 1108 415 1141 166.
444 1101 682 1142 Marcellus.
713 1103 819 1142 Vide
845 1104 948 1142 Livi.
979 1103 1133 1143 XXIII.
1153 1119 1185 1144 c.
1224 1111 1282 1143 16.

322 1163 410 1196 168.
434 1155 562 1196 Ferri.
590 1158 760 1210 scripti,
802 1159 852 1199 R.
886 1172 919 1196 2.
947 1156 1013 1196 sed
1037 1159 1070 1198 ri
1097 1172 1262 1198 notatur
1285 1158 1405 1199 duem
1428 1158 1574 1200 calami

264 1209 306 1248 in
335 1224 370 1249 c.
392 1211 445 1249 T.
476 1211 538 1250 At
563 1213 614 1251 R.
646 1226 678 1251 ι.
699 1212 787 1262 fere
805 1244 814 1258 ,
847 1215 886 1252 &
915 1211 1006 1250 hinc
1030 1213 1120 1252 aliis
1135 1214 1257 1264 fhrre.
1293 1214 1396 1252 Mox
1422 1217 1574 1256 nubem.

263 1263 324 1303 Sic
351 1277 526 1318 quatuor
545 1266 715 1318 antiqui.
753 1265 861 1305 Aliis
877 1267 1021 1316 pubem
1039 1297 1053 1313 ,
1093 1280 1137 1306 ut
1159 1268 1252 1306 hinc
1278 1266 1319 1306 in
1348 1269 1533 1322 vulgatis.

303 1326 409 1412 l169.
427 1319 577 1369 Capite.
600 1321 702 1361 Tres
721 1321 882 1374 scripti,
915 1321 966 1361 R.
1000 1334 1036 1360 2.
1063 1322 1127 1371 Sic
1154 1335 1255 1362 mox
1275 1321 1409 1372 capit,
1443 1323 1576 1366 Drak.

265 1375 298 1414 A
322 1373 369 1412 iis
401 1374 523 1424 rapit.

322 1442 410 1478 ¹79·
440 1427 661 1469 Revellere.
690 1430 738 1469 C.
764 1428 859 1469 Col.
884 1429 937 1469 R.
966 1443 1001 1468 2.
1038 1429 1146 1470 Aliis
1178 1429 1354 1471 evellere.

324 1491 410 1524 180.
441 1484 679 1534 Irrumpere.
715 1484 836 1524 Scalis
862 1483 1055 1525 admotis.
1087 1485 1197 1526 Male
1223 1486 1349 1526 Drak.
1372 1485 1577 1528 tentabant

263 1552 453 1590 rumpere.
485 1538 593 1579 Vide
621 1537 737 1578 XIII.
773 1553 839 1587 79.

322 1602 408 1644 184.
433 1593 568 1634 Incita
592 1592 737 1645 portis.
776 1594 841 1633 Sic
867 1605 899 1632 c.
931 1592 981 1631 T.
1015 1593 1070 1633 R.
1102 1605 1138 1631 2.
1184 1592 1232 1632 In
1266 1606 1299 1633 c.
1330 1592 1376 1632 P.
1412 1591 1578 1643 undique

258 1647 418 1699 portis,
444 1648 556 1702 quod
576 1662 598 1687 a
629 1649 829 1687 librario.
851 1648 942 1687 Nec
962 1645 1080 1687 crede
1102 1647 1292 1699 Henysio.
1321 1647 1403 1687 Pro
1418 1645 1575 1697 portis,

261 1703 304 1741 in
334 1716 368 1743 c.
397 1704 492 1743 Col.
524 1703 689 1750 turmis,
720 1716 744 1742 a
763 1702 977 1749 matario,
1008 1715 1029 1740 e
1056 1715 1093 1738 v.
1121 1702 1201 1754 seq.
1236 1701 1342 1741 Vide
1364 1701 1389 1742 1.
1416 1701 1488 1740 IX.
1508 1714 1574 1747 35·

323 1765 412 1803 185.
459 1756 648 1797 Turbine.
690 1756 753 1795 sic
784 1769 891 1795 certe
934 1768 1011 1794 tres
1042 1754 1176 1807 scripti
1206 1785 1220 1802 ,
1260 1757 1311 1796 R.
1340 1770 1374 1795 1.
1402 1769 1437 1794 2.
1473 1756 1575 1794 Non

262 1809 350 1851 vidi
375 1811 542 1865 flumine
583 1809 751 1860 Heynfii
785 1809 829 1848 in
859 1808 945 1848 ullo
985 1809 1126 1847 veteri.
1169 1810 1200 1846 E
1236 1809 1410 1860 Virgilio
1442 1806 1576 1847 sumsit

261 1867 408 1917 poeta,
450 1865 477 1904 1.
516 1866 564 1904 Χ.
601 1871 692 1909 603.
740 1864 869 1902 Staret
903 1874 1042 1900 tamen
1061 1861 1227 1914 flumine
1259 1875 1281 1902 e
1307 1862 1451 1915 virgil.
1475 1860 1570 1902 XII.

259 1935 354 1970 441..
385 1922 498 1960 turba
526 1918 622 1972 fluit
661 1916 810 1968 castris.
1233 1951 1236 1954 .

323 1979 412 2023 ²89·
447 1971 800 2024 Torrerzte-nis‘zz.
849 1969 1061 2022 Eleganter
1102 1971 1141 2008 &
1173 1969 1358 2021 graphice
1398 1982 1431 2008 c.
1472 1967 1566 2009 Col.

262 2024 419 2069 Confer
449 2028 474 2067 1.
505 2028 614 2067 XVI.
649 2035 739 2076 248.
772 2024 1008 2065 torrentibus
1029 2053 1038 2069 ‚
1077 2026 1152 2062 &m
1186 2024 1231 2061 In
1260 2023 1402 2076 Virgil.
1433 2023 1577 2074 rapido

264 2081 348 2135 nisit
368 2115 378 2131 ‚
413 2095 505 2135 apte
534 2080 585 2121 ad
609 2096 692 2121 rem
720 2080 770 2120 de
800 2079 877 2133 quai
903 2078 1034 2131 agitur
1067 2077 1183 2124 illic,
1216 2077 1240 2115 1.
1274 2079 1344 2116 XI.
1371 2081 1460 2124 852.
1493 2076 1575 2117 Hie

264 2149 349 2176 non
374 2138 428 2177 est
455 2136 706 2188 comparatio
734 2133 917 2174 torrentis
948 2145 1053 2184 aquae
1080 2161 1096 2178 ,
1139 2144 1180 2169 ut
1207 2133 1311 2172 male
1341 2132 1470 2172 Drak.
1496 2130 1577 2171 ad-

263 2190 344 2230 fert
377 2190 516 2243 Virgil.
545 2193 592 2230 X.
627 2197 718 2228 602.
750 2190 798 2228 In
832 2202 866 2228 c.
898 2188 942 2227 P.
973 2188 1023 2228 R.
1055 2200 1085 2224 ι.
1118 2195 1288 2224 torrente
1319 2186 1470 2232 etiam,
1504 2185 1573 2226 sed

265 2259 298 2286 c.
325 2246 371 2285 P.
399 2246 480 2299 viso
498 2276 507 2292 ,
536 2247 588 2286 R.
618 2260 649 2285 1.
676 2244 785 2296 visu,
819 2256 862 2282 ut
889 2241 991 2281 aliis.
1032 2238 1142 2278 Male
1176 2239 1299 2278 etiam
1334 2250 1498 2279 terrente
1531 2241 1578 2280 in

266 2301 418 2353 vulgat.
445 2314 466 2340 e
494 2301 544 2340 R.
576 2313 611 2339 2.
646 2299 785 2338 Sensus
817 2297 871 2337 est
901 2309 1028 2350 ergo,
1062 2293 1266 2333 Hannibal
1297 2292 1470 2342 dejecstus
1501 2307 1575 2334 ve-

265 2355 562 2394 hementiffimo
594 2353 748 2405 impetu
773 2354 1093 2396 Romanorum,
1121 2361 1204 2387 non
1233 2346 1340 2387 valet
1364 2349 1531 2399 sperare.

325 2424 415 2456 195.
444 2408 532 2450 Sta.
565 2409 664 2447 Tres
695 2407 857 2459 scripti,
887 2408 938 2446 R.
973 2418 1010 2443 2.
1042 2402 1149 2442 Aliis
1170 2400 1288 2452 stat,
1316 2402 1438 2441 male.
1515 2454 1523 2462 ο

322 2478 410 2514 197.
444 2463 568 2503 Caede.
600 2463 647 2502 C.
668 2461 762 2500 Col.
796 2460 900 2501 Aliis
923 2457 1100 2512 pluribus
1123 2472 1142 2497 e
1166 2461 1290 2504 cade,
1323 2470 1345 2496 a
1370 2454 1576 2496 Librariis.

270 2517 399 2557 Drak,
431 2532 454 2558 a
484 2521 587 2556 caede
607 2547 617 2561 ‚
660 2514 737 2554 fine
764 2513 857 2554 fide.

321 2575 414 2611 208.
448 2572 582 2613 Loevo.
605 2571 727 2611 Recte
756 2566 971 2622 Heynsius.
1000 2565 1110 2606 Aliis
1128 2566 1254 2618 savo-

325 2641 417 2665 220.
449 2625 600 2666 Aonio.
639 2625 686 2663 C.
723 2624 818 2664 Col.
859 2625 976 2663 Υεᾶε.
1020 2621 1174 2660 Probat
1212 2619 1336 2659 Drak.
1372 2620 1412 2658 &
1447 2617 1576 2657 servat

273 2680 434 2720 Aonios
455 2712 463 2726 ,
498 2691 636 2720 errore
664 2678 820 2729 Typor.
848 2678 944 2716 Vox
973 2674 1110 2714 Aonio
1141 2674 1334 2728 repetitur
1363 2673 1411 2713 ab
1435 2670 1576 2714 Aonii&

268 2733 348 2775 five
365 2734 548 2783 Boeotis,
573 2747 659 2788 quae
679 2733 803 2791 prisca
822 2732 1027 2773 Musarum
1046 2727 1171 2772 sedes.
