1627 3056
172 207 286 262 324
549 195 822 257 Sirrr
907 204 1304 269 ITALxcr

304 283 365 334 Et
387 285 496 336 dura
515 289 560 338 in
585 297 765 355 nostem
794 316 1005 350 curarum
1028 303 1214 354 vincula
1235 307 1426 361 solvunt.

369 353 567 420 Jamque
587 377 763 412 novum
784 367 909 415 terris
933 370 1134 436 pariebat
1158 373 1315 423 limine
1338 379 1488 438 primo
1514 435 1520 438 r

299 419 549 487 Egrediens
574 427 754 478 Aurora
775 433 896 483 diem
911 472 925 493 ,
948 437 1214 503 stabulisque
1240 441 1447 493 subibant

169 492 258 546 265
300 488 375 535 Ad
396 489 504 556 juga
519 492 624 542 solis
642 498 746 561 equi
761 540 771 560 ,
791 503 990 551 necdum
1005 504 1099 567 ipse
1120 507 1413 562 adscenderat
1433 531 1594 575 axem,

296 554 388 602 Sed
410 563 686 622 prorupturis
704 567 948 617 rutilabant
966 589 1145 634 aequora
1169 575 1380 627 flammis,

295 621 453 689 Exigit
476 645 500 673 e
520 628 656 677 stratis
677 649 840 694 corpus
855 675 866 695 ,
893 637 1114 702 vultuque
1139 640 1299 689 sereno

292 689 448 752 Scipio
469 697 699 746 contendit
725 700 905 765 Massyli
927 704 982 751 ad
1003 705 1164 754 limina
1186 709 1320 775 regis.

289 756 366 804 Illi
386 776 485 807 mos
506 763 671 823 patrius
693 766 809 815 fetus
829 770 996 818 nutrire
1017 773 1202 829 leonum
1219 815 1232 837 ‚

159 836 253 874 270
288 822 346 870 Et
370 827 530 875 catulis
553 831 726 880 rabiem
747 850 881 899 atque
907 837 991 886 iras
1013 842 1244 903 expellere
1269 843 1452 895 alendo.

290 889 418 939 Tum
434 911 616 959 quoque
631 899 759 948 fulva
774 921 914 952 manu
929 908 1161 957 mulcebat
1174 910 1293 958 colla
1308 951 1320 972 ,
1344 911 1562 979 jubasque
1575 954 1592 978 ‚

284 958 344 1006 Et
365 959 461 1009 fera
481 967 698 1015 arietabat
719 969 960 1020 ludentum
981 974 1206 1026 interritus
1230 996 1322 1026 ora.

285 1025 576 1079 Dardanium
602 1035 836 1100 postquam
859 1040 1092 1091 dut‘torem
1113 1046 1292 1108 accepit
1313 1047 1485 1112 adeste,
1586 1110 1589 1113 χ

281 1093 488 1144 Induitur
507 1098 829 1167 chlamydem,
854 1108 1074 1173 regnique
1095 1110 1266 1178 infigne
1289 1116 1447 1166 vetusti
1594 1119 1616 1134 χ

151 1172 241 1218 275
283 1159 440 1210 Gestat
457 1164 572 1213 laeva
594 1167 733 1219 decus
758 1193 768 1220 :
795 1173 1037 1241 cinguntur
1059 1192 1263 1241 tempora
1287 1181 1397 1230 vitta

278 1227 483 1279 Albente
499 1271 511 1291 ,
546 1252 599 1283 ac
620 1237 750 1287 lateri
773 1240 828 1288 de
854 1260 982 1290 more
1003 1245 1283 1310 adstringitur
1305 1250 1435 1298 enfis.

276 1294 406 1345 Hine
430 1297 474 1347 in
494 1304 610 1351 testa
630 1321 766 1354 vocat
784 1346 796 1368 ‚
821 1308 1087 1374 secretisque
1109 1313 1276 1361 ae'dibus
1301 1315 1461 1378 hospes

274 1362 565 1433 Sceptrigero
586 1388 693 1419 cum
718 1391 827 1440 rege
848 1416 858 1436 ,
881 1377 978 1439 pari
1003 1379 1081 1426 [ub
1102 1379 1276 1429 honore
1297 1384 1508 1436 reficiunt.

336 1431 463 1482 Tum
486 1437 609 1496 prior
631 1439 700 1487 his
718 1440 817 1490 infit
844 1459 968 1492 terrae
993 1461 1179 1507 pacator
1201 1450 1374 1515 Iberae3

136 1499 233 1542 ’280
270 1497 422 1547 Prima
443 1503 582 1565 mihi,
610 1506 790 1557 domitis
811 1510 1009 1574 Pyrenes
1028 1514 1259 1580 gentibus,
1292 1517 1357 1565 ire

268 1565 347 1613 Ad
368 1582 442 1616 tua
464 1589 606 1637 regna
624 1573 710 1622 fuit
729 1593 1053 1639 properantem
1073 1586 1113 1630 ὃς
1134 1583 1335 1632 maxima
1355 1602 1461 1633 cura
1477 1626 1488 1646 ,

271 1633 321 1680 O
340 1642 349 1681 Ξ
374 1635 535 1699 scep‘cri
549 1643 805 1691 venerande
821 1645 1007 1709 Syphax
1025 1668 1035 1696 :
1053 1665 1137 1697 nec
1158 1669 1231 1698 me
1243 1669 1421 1715 aequore
1434 1653 1575 1705 saevus

266 1697 493 1751 Tardavit
512 1707 667 1755 medio
690 1726 854 1771 pontus
878 1732 887 1760 τ
913 1730 1003 1760 non
1027 1717 1162 1763 ardua
1185 1718 1334 1784 regnis

265 1766 538 1829 Quaesumus
564 1789 638 1821 aut
658 1775 881 1825 inhonora
906 1781 988 1828 tuis
1013 1801 1024 1828 ε
1047 1783 1276 1850 conjunge
1297 1785 1471 1835 Latinis

132 1837 222 1893 285
260 1833 558 1887 Unanimum
579 1843 732 1901 pefius
747 1884 760 1904 ‚
790 1845 1027 1911 sociusque
1049 1851 1217 1898 accede
1237 1851 1463 1902 secundis.

260 1900 377 1949 Non
398 1904 478 1954 tibi
500 1908 703 1971 Maffylae
727 1928 884 1977 gentes
903 1954 914 1975 ‚
939 1929 1212 1982 extentaque
1231 1919 1365 1968 tellus

261 1969 466 2033 Syrtibus
483 2014 495 2035 ‚
522 1981 562 2023 ὃ(
584 1975 684 2024 latis
705 1981 912 2039 proavita
932 1983 1133 2044 potentia
1157 1985 1330 2048 campis

257 2036 471 2100 Amplius
491 2043 734 2093 adtulerint
756 2047 928 2096 decoris
943 2088 954 2109 ,
982 2052 1117 2113 quarn
1141 2052 1340 2100 Romula
1359 2054 1504 2105 virtus

256 2104 399 2154 Certa
416 2107 567 2170 juncta
589 2110 678 2158 fide
696 2152 707 2173 ,
730 2119 771 2161 ἃ
790 2116 948 2180 populi
970 2116 1209 2167 Laurentis
1232 2119 1444 2172 hono'res.

123 2186 217 2225 290
255 2170 432 2222 Caetera
458 2177 566 2239 quid
587 2179 812 2228 referam?
839 2201 930 2231 non
953 2184 1072 2231 ullus
1094 2185 1265 2234 scilicet
1285 2188 1372 2235 ulli

251 2237 430 2304 AEquus
456 2243 738 2294 Coelicolum
758 2288 769 2308 ‚
797 2251 877 2314 qui
901 2251 1116 2300 Dardana
1140 2254 1300 2302 laeserit
1327 2271 1471 2304 arma.

250 2307 444 2357 Audivit
465 2311 567 2359 laeto
593 2313 811 2377 Massylus
835 2323 877 2365 &
900 2318 1056 2367 annuit
1078 2337 1156 2368 ore
1179 2360 1190 2379 ,

248 2373 625 2443 Complexusque
647 2382 796 2430 virum
819 2422 832 2444 ‚
863 2385 1096 2434 firmemus
1121 2388 1330 2451 prospera
1350 2427 1364 2446 ‚
1386 2390 1499 2440 dixit
1514 2430 1529 2454 2

249 2440 429 2491 Omina
450 2484 463 2504 ‚
488 2461 575 2494 nec
597 2449 712 2497 votis
735 2450 900 2515 Superi
921 2454 1224 2503 concordibus
1244 2457 1384 2505 absint
1404 2496 1414 2515 ,

113 2517 206 2566 295
245 2506 645 2578 Cornigerumque
662 2516 1203 2586 Jovem,Tarpe'iumque
1220 2542 1297 2572 ore
1310 2543 1547 2576 vocemus·

308 2574 380 2622 En
409 2578 538 2627 simul
558 2583 784 2632 exstruffls
805 2587 959 2649 cespes
983 2588 1231 2638 surrexerat
1247 2592 1360 2655 aris3

236 2639 529 2709 Vistirnaque
551 2649 741 2699 admotae
762 2653 902 2702 stabat
923 2655 1114 2721 subjesta
1142 2658 1355 2721 bipenni,

235 2708 402 2777 Quum
420 2713 569 2776 subito
589 2718 790 2789 abruptis
808 2721 994 2792 fugiens
1013 2724 1173 2780 altaria
1192 2739 1343 2779 taurus
1388 2764 1390 2766 ψ
