1627 3056
173 153 330 225 284*
548 150 803 208 SxL11
883 153 1273 211 ITAL101

301 245 394 295 Sed
421 244 553 309 super
585 247 765 315 ingestis
797 251 984 314 propior
1011 267 1108 314 quae
1130 249 1304 299 subdita
1325 249 1428 302 telis

301 313 435 361 Bella
467 314 719 376 capessebat
737 355 750 378 ‚
783 317 931 366 media
960 317 1158 365 subsedit
1184 319 1231 365 in
1255 317 1402 378 unda,

304 379 561 444 Divisitque
584 381 770 432 fretum.
802 383 1099 439 Clamantfim
1120 384 1331 447 spumeus
1353 402 1432 432 ora

306 446 488 494 Nereus
500 447 661 511 implet
676 451 800 514 aquis
814 490 825 507 ‚
838 451 1109 514 palmaeque,
1127 451 1330 500 trahente
1347 450 1574 514 profundo
1587 491 1603 517 ,

174 528 266 578 μς
306 513 583 562 Luctantfim
606 517 763 565 frustra
793 517 980 565 summis
1003 517 1049 564 in
1073 516 1278 564 fluctibus
1315 519 1498 568 exstant.

309 579 408 629 Hic.
426 619 440 641 ‚
467 582 615 631 audax
639 582 703 632 ira
719 623 730 644 ,
771 602 940 650 magno
969 601 1050 647 per
1077 584 1242 631 caerula
1266 584 1378 632 saltu

313 646 521 695 Corbulo
549 650 838 717 transgressus
862 658 999 710 (nam
1019 664 1190 698 textam
1214 654 1378 700 robore
1403 648 1563 699 turrim

309 712 598 776 Adpulerant
629 735 756 765 nexae
787 716 897 765 ferri
925 733 1151 783 compage
1174 718 1419 778 triremes)

311 779 477 828 Evadit
496 783 697 831 tabulata
725 784 858 847 super
874 823 886 844 ,
911 783 1188 847 flammaque
1215 797 1478 832 comantem

178 857 277 912 3420
314 847 544 896 Multifidfi
569 850 730 913 pinum
752 850 871 899 celso
894 851 949 898 de
972 851 1174 899 culmine
1202 851 1388 915 quassat.

312 914 425 962 Inde
450 929 566 964 atros
597 918 773 978 alacer,
799 917 1033 982 pastosque
1056 918 1279 966 bitumine
1297 958 1308 978 ,
1335 929 1540 981 torquet,

312 980 592 1030 Amentante
619 984 746 1031 Noto
766 1024 777 1044 ,
806 984 1054 1032 Poenorum
1079 985 1344 1047 aplustribus
1365 984 1508 1051 igne&

376 1048 519 1097 Intrat
547 1049 726 1098 diffusos
751 1051 880 1114 pestis
900 1051 1131 1100 Vulcania
1154 1051 1310 1114 paffim
1327 1090 1339 1112 ,

317 1115 475 1178 Atque
503 1117 666 1179 implet
697 1117 890 1181 dispersa
911 1117 1036 1166 foros
1069 1138 1079 1166 ε
1110 1118 1357 1181 trepidatur
1386 1116 1544 1166 omssffo

182 1189 277 1246 [425
316 1180 515 1229 Summis
546 1184 770 1250 remigio3
805 1185 877 1232 sed
902 1186 1026 1233 enim
1050 1199 1145 1232 tam
1165 1187 1298 1232 rebus
1319 1184 1364 1233 in
1389 1184 1493 1232 artis

314 1246 460 1296 Fama
490 1251 601 1299 mali
627 1251 832 1299 nondum
857 1253 969 1300 tanti
996 1254 1250 1314 penetrarat
1284 1250 1342 1298 ad
1371 1249 1503 1301 imos.

315 1315 380 1363 At
400 1315 580 1378 rapidus
599 1316 754 1366 fervor
767 1357 778 1379 ‚
798 1336 880 1381 per
902 1318 1094 1384 pingues
1112 1316 1315 1384 unguine
1335 1317 1468 1365 taedas

315 1382 507 1445 Illapsus
525 1423 537 1445 ‚
569 1383 765 1433 flammis
793 1384 1053 1436 victricibus
1081 1385 1260 1433 insonat
1287 1384 1436 1434 alveo,

317 1449 427 1514 Qua
448 1451 653 1501 nondum
670 1466 826 1502 tamen
846 1452 1056 1501 intulerat
1070 1453 1168 1502 vim
1182 1451 1621 1516 Dardanalampas*

180 1531 280 1583 530
307 1515 619 1584 Parcebatque
640 1537 811 1583 vapor,
838 1520 1051 1569 saxorum
1075 1519 1295 1586 grandine
1322 1517 1442 1567 dirus

319 1583 522 1633 Arcebat
540 1626 551 1647 ‚
574 1587 812 1650 fatumque
840 1587 945 1636 ratis
977 1588 1225 1647 retinebat,
1248 1584 1476 1634 Himilco-

315 1650 413 1698 Hic
441 1652 576 1700 miser
604 1654 846 1721 igniferam
879 1654 988 1701 dum
1018 1653 1210 1703 ventilat
1234 1651 1339 1701 a'e're
1372 1651 1565 1715 pinum,

315 1717 489 1766 Murali
513 1719 621 1768 saxo
649 1738 730 1782 per
760 1721 935 1769 lubrica
954 1720 1168 1787 sanguine
1194 1719 1381 1767 transtra

315 1783 535 1834 Volvitur
563 1788 608 1835 in
637 1787 795 1835 fluetus
816 1828 828 1847 ‚
854 1787 1035 1850 Lychei
1062 1787 1280 1847 vulnere,
1306 1785 1510 1850 Cydnus.

180 1862 276 1918 '435
312 1850 412 1899 Fax
439 1851 596 1901 nidore
622 1854 750 1920 gravi
773 1854 967 1902 foedavit
995 1853 1250 1901 comminus
1274 1870 1431 1913 auras,

313 1917 535 1967 Ambusto
569 1919 800 1970 instridens
826 1920 1009 1986 pelago.
1041 1920 1183 1968 Ferus
1206 1919 1317 1967 inde
1347 1918 1535 1968 citatum

315 1985 484 2034 Miffile
516 1986 697 2036 adorata
728 2001 999 2050 contorquet
1024 1986 1243 2035 Sabratha
1266 2004 1418 2050 puppe
1445 2006 1456 2034 :

313 2052 558 2101 Hammon
587 2072 756 2103 numen
778 2069 873 2103 erat
901 2054 1087 2118 Libycae
1113 2054 1283 2121 gentile
1306 2053 1467 2102 carinae
1483 2092 1497 2115 ,

315 2119 662 2186 Cornigeraque
692 2121 850 2170 sedens
875 2121 1101 2184 speciabat
1129 2121 1292 2167 caerula
1320 2121 1487 2176 fronte.

180 2197 278 2251 '440
315 2185 429 2248 Fer,
453 2187 611 2245 Pater,
638 2188 849 2248 adfliffls,
871 2188 965 2249 fer,
988 2188 1050 2235 ait
1065 2226 1077 2248 ‚
1102 2185 1430 2235 Garamantice
1448 2200 1574 2236 vates
1591 2224 1605 2246 ,

181 2249 183 2251 ¹
313 2253 470 2301 Rebus
490 2272 626 2317 opem
641 2295 655 2318 ‚
676 2255 813 2320 inque
844 2255 984 2302 Italos
1006 2254 1068 2302 da.
1093 2269 1215 2302 certa
1241 2252 1474 2301 effundere
1498 2254 1605 2304 tela.

314 2320 415 2368 Has
444 2321 560 2370 inter
584 2339 725 2371 voces
751 2323 947 2370 tremulo
972 2320 1098 2369 venit
1119 2320 1300 2386 agmine
1322 2337 1486 2368 cornus
1496 2359 1510 2381 ,

316 2387 376 2434 Et
400 2387 720 2450 Neptunicolae
742 2388 1069 2438 transverberat
1105 2405 1182 2435 ora
1213 2386 1423 2435 Telonis.

378 2453 622 2520 Urgebant
648 2456 792 2504 nihilo
813 2455 960 2505 levius
979 2497 991 2516 ‚
1013 2455 1106 2519 jam
1130 2455 1177 2502 in
1198 2453 1357 2501 limine
1382 2452 1541 2501 mortis

182 2536 278 2583 445
315 2521 450 2583 Quos
475 2523 585 2589 fuga
617 2522 891 2585 praccipites,
913 2537 1087 2585 partem
1110 2520 1388 2588 glomerarat
1406 2519 1449 2566 in
1468 2535 1607 2566 unam

181 2584 189 2592 ⁸
312 2587 508 2651 Puppis,
539 2589 686 2637 adhuc
711 2607 905 2638 vacuam
937 2589 1058 2638 taedae
1096 2608 1106 2636 t
1138 2587 1214 2639 sed
1241 2587 1447 2648 proxima
1475 2585 1606 2637 cursu

309 2655 556 2706 Fulmineo
588 2658 831 2721 populatus
848 2696 863 2719 ,
886 2655 1156 2707 inevitabilis
1182 2655 1313 2704 ardor
