1627 3056
341 182 425 214 IN
482 171 843 213 TExTUM.
899 171 1021 211 L113.
1080 171 1130 211 V.
1340 188 1389 224 39

82 242 123 282 in
142 240 206 282 vel
230 245 281 281 ad
301 239 405 280 bella
431 241 616 294 gerebat3
637 253 724 292 quae
748 239 933 293 bipennis
958 252 1041 279 erat
1064 250 1212 286 arata,
1242 238 1285 279 id
1309 247 1385 290 est,

83 310 136 336 ex
175 310 261 336 are.
299 295 363 334 Sic
396 294 536 345 Apoll.
572 293 711 334 Rhod.
746 295 883 343 ἀυχέκι
905 293 1019 341 κὸψιις
1053 293 1214 343 χαλκείῳ
1235 295 1406 342 waima„

83 350 325 392 Iamdudum
362 360 445 400 quo
472 349 582 387 sensu
605 347 759 396 statim.
802 350 937 387 Notus
968 361 1104 387 autem
1138 347 1394 395 idiotismus,

84 416 185 456 aqua
212 403 255 441 in
278 414 444 454 potum,
472 403 581 454 panis
608 401 650 439 in
672 401 805 440 cibum
826 431 836 448 ,
856 403 1026 453 pecunia
1047 401 1093 441 in
1118 402 1292 448 bellurn,
1315 406 1389 440 &c.

148 463 236 501 506.
267 455 458 495 Nutante.
493 456 594 494 Tres
624 455 770 506 scripti.
811 456 945 506 Prope
972 456 1013 493 in
1039 456 1089 496 R.
1121 467 1157 494 2.
1191 466 1390 502 mutante,

84 509 155 602 ub}
180 525 216 570 νη
241 521 380 550 estote
401 522 534 562 typor.
556 509 618 548 Sic
641 509 682 547 in
703 511 800 548 Stat.
824 508 919 548 VH.
947 522 1038 559 799·
1049 509 1226 560 frondea
1245 519 1388 549 nutant

87 578 133 602 cu
156 578 274 604 mma.

141 631 228 663 510.
247 616 363 656 caedi.
395 616 454 656 Ut
479 616 505 655 1.
531 615 645 655 vm.
679 630 741 665 39.
775 617 1030 656 contermina
1054 616 1167 656 lucis.
1202 615 1393 656 Absurde

84 671 297 711 Casaubon
318 674 358 710 ὃς
377 671 447 708 alii
465 670 611 710 volunt
627 671 742 709 mdis
757 695 768 715 ,
788 682 809 709 e
835 683 937 710 voce
958 670 1098 718 coedis,
1120 685 1207 723 quae
1227 672 1272 710 in
1288 671 1392 710 aliis.

143 739 233 774 519.
263 724 417 764 Dubio.
448 724 590 776 Scripti
614 737 759 763 omnes
787 728 827 764 &
851 724 950 763 edit.
977 726 1027 765 R.
1055 738 1089 763 1.
1109 737 1144 764 2.

133 786 223 824 526.
255 777 443 828 Oppezit.
476 779 565 818 Nec
595 790 713 816 muto
743 775 818 816 hic.
846 777 895 816 Id
923 777 1003 825 est,
1032 778 1133 817 facie
1161 778 1215 817 ob
1241 790 1392 817 tertam

83 832 242 884 pronai,
279 833 381 870 hanc
412 844 487 871 ote
519 830 694 870 mordet.
728 831 813 870 Tot
839 832 928 870 sunt
958 831 1022 870 hic
1050 845 1203 871 veteres
1235 845 1309 884 pto
1339 847 1392 881 op

83 899 206 939 quam
236 898 310 937 pro
340 900 405 936 ap.
433 883 483 924 Id
507 897 558 924 ex
589 886 806 932 Homero,
834 887 894 925 11.
923 900 1017 935 417.
1047 886 1239 925 Scribit-ar
1263 886 1290 924 l.
1321 885 1393 926 IX.

87 948 179 988 384.
215 939 371 991 appetit
404 951 567 991 propter
601 940 834 978 consensum
868 940 1088 987 codicum3
1118 939 1212 979 licet
1250 940 1392 978 malim

83 992 269 1044 oppetit,
308 1006 351 1032 ut
377 992 526 1032 dietum
560 1003 741 1043 oppetere
770 1003 934 1032 mortem
972 1009 984 1031 .·
1023 992 1075 1032 ad
1102 1007 1190 1045 quae
1220 996 1322 1033 mele
1349 993 1393 1032 in

84 1048 185 1086 Lex.
212 1048 263 1087 R.
292 1047 425 1098 Steph.
452 1046 555 1085 Birt.
585 1064 611 1081 ce
627 1045 806 1095 Quidam
835 1057 1047 1098 oppetere,
1071 1060 1144 1099 pro
1168 1047 1292 1094 mori,
1322 1046 1393 1087 de-

84 1118 113 1138 »
136 1100 297 1140 dut‘him
317 1113 458 1152 putant
476 1101 525 1138 ab
553 1102 603 1139 ob
624 1103 768 1151 &peto
786 1130 802 1147 ,
824 1100 936 1153 quod
958 1100 1026 1153 qui
1049 1100 1268 1153 antiquitus
1295 1100 1394 1140 stre-

85 1172 113 1191 „
140 1155 210 1193 nui
237 1158 277 1194 <Sc
300 1153 425 1193 fortes
452 1154 730 1193 moriebantur
748 1184 759 1201 ‚
784 1154 969 1207 precipue
1000 1155 1041 1193 in
1069 1155 1179 1194 bello
1198 1185 1208 1202 ,
1242 1168 1393 1194 terram

84 1226 112 1245 ω
133 1222 199 1247 ονε
224 1210 454 1247 mordebant
473 1212 513 1247 ὅ(
532 1209 750 1258 petebant,
774 1221 826 1247 ne
844 1209 966 1247 nimis
987 1208 1120 1252 (male
1137 1208 1266 1248 minus
1281 1209 1391 1256 illic)

85 1279 114 1298 ο,
141 1261 242 1301 dura
264 1262 355 1300 viro
381 1261 479 1300 forti
510 1275 594 1301 vox
623 1261 854 1309 audiretur3
887 1261 993 1302 unde
1024 1263 1168 1314 Virgil.
1197 1264 1267 1302 XI.
1298 1271 1396 1311 4¹8·

84 1333 114 1352 κ
137 1328 285 1355 terram
312 1314 425 1354 simul
452 1327 524 1354 ore
548 1315 776 1355 momordit
792 1345 803 1361 ‚
825 1316 868 1355 id
895 1316 974 1363 est,
995 1316 1161 1366 oppetiit
1178 1334 1217 1355 α.
1238 1317 1398 1356 Confer

86 1369 157 1408 sil.
183 1369 210 1407 1.
232 1369 302 1408 IX.
332 1381 435 1414 520,
463 1372 502 1408 &
527 1383 682 1408 notam.
709 1370 775 1409 Ab
798 1370 858 1409 his
882 1369 1038 1423 praetuli
1067 1369 1241 1422 oppetit,
1275 1383 1398 1424 atque

89 1421 386 1475 praeferendum
407 1421 526 1461 duco.

153 1490 243 1523 533.
269 1474 516 1526 Raptahant.
544 1475 686 1528 Scripti
712 1477 763 1517 R.
790 1490 825 1516 2.
851 1475 958 1519 Aliis
978 1480 1177 1528 raptabat.

148 1544 237 1580 540.
266 1528 422 1569 Femur.
452 1531 515 1569 Sic
541 1530 711 1583 antiqui.
742 1531 902 1570 Primus
929 1532 1031 1570 mihi
1067 1530 1232 1571 Henefla
1263 1529 1396 1571 edidit

82 1584 319 1637 simulante
352 1582 620 1623 Nicandrum.

141 1652 231 1688 542.
259 1637 425 1677 Luxere.
453 1641 501 1678 C.
525 1639 618 1676 Col.
640 1637 783 1676 Oxou.
809 1638 860 1677 R.
882 1651 918 1676 2.
940 1638 1048 1677 Aliis
1071 1638 1218 1689 misere.

146 1699 236 1741 546.
267 1692 461 1731 Ithemon.
486 1693 534 1731 C.
554 1691 647 1730 Col.
670 1704 794 1742 prope
817 1692 867 1730 R.
897 1704 933 1729 2.
953 1692 1139 1730 Irhemon
1158 1705 1295 1733 errore
1312 1705 1397 1746 typ.

150 1760 239 1791 551.
278 1745 483 1796 Viriasius.
511 1745 559 1783 C.
595 1746 688 1785 Col.
720 1746 771 1784 R.
802 1757 835 1782 2.
866 1744 974 1782 Aliis
1002 1744 1235 1798 Viridafius.

145 1813 235 1846 552.
267 1799 414 1841 Vines.
444 1799 490 1837 C.
517 1798 611 1837 Col.
637 1799 744 1837 Male
771 1798 857 1836 aliis
879 1798 1028 1838 melids.

148 1867 237 1903 557.
261 1853 497 1892 Arauricus.
527 1853 589 1890 Sic
613 1852 746 1902 plures
776 1851 945 1904 antiqui.
974 1852 1084 1892 Aliis
1109 1854 1339 1900 aur-arictes,
1358 1856 1400 1894 δεῖ

91 1906 213 1947 aliter
234 1906 414 1946 absurde.
764 1933 768 1935 Α

150 1974 239 2008 ςς9.
275 1960 508 2000 Certamina.
536 1957 598 1996 Sic
629 1955 712 1996 duo
735 1956 896 2008 scripti,
928 1959 977 1997 R.
1007 1972 1042 1999 2.
1084 1959 1399 2000 Aliiscertami-

92 2029 173 2063 ne;
200 2013 313 2067 quod
330 2027 473 2066 ptaetet
498 2024 676 2052 mentem
710 2012 896 2051 auetoris.
921 2011 1028 2052 Vide
1061 2012 1088 2052 l.
1111 2014 1244 2054 XVII.
1279 2022 1369 2064 518.

151 2076 241 2114 565.
277 2068 471 2110 Veterem.
499 2065 604 2105 Vide
629 2067 655 2104 l.
686 2065 755 2103 VI.
788 2071 878 2104 616.

153 2136 241 2170 573.
263 2123 445 2173 Accepit.
474 2120 537 2160 Sic
555 2133 697 2159 omnes
718 2119 874 2171 antiqui
893 2147 908 2167 ,
929 2119 973 2158 id
993 2119 1045 2159 est
1061 2153 1077 2169 ,
1104 2121 1399 2162 animadvertit.

93 2176 211 2218 Alibi
232 2177 348 2216 vm.
373 2191 460 2223 153.
481 2174 642 2225 accepi,
673 2171 782 2213 idem
807 2172 919 2225 quod
941 2174 1088 2215 audivi.
1119 2177 1210 2216 Nec
1230 2175 1401 2216 audien.-

93 2231 171 2273 dus
195 2230 415 2270 Burmann.
442 2231 510 2283 qui
537 2229 625 2267 vult
650 2226 820 2279 asoext't.

156 2293 245 2333 576.
277 2287 341 2326 Ab
377 2300 482 2324 aure.
512 2282 657 2334 Virgil.
684 2281 752 2319 IX.
776 2295 869 2330 417.

155 2347 249 2386 578·
279 2338 488 2377 Extraffa.
518 2337 565 2374 C.
590 2336 640 2373 T.
669 2336 800 2374 exaffa
816 2365 831 2381 ,
856 2347 995 2374 contra
1014 2348 1196 2376 mentem
1215 2336 1399 2379 amoris,

157 2396 244 2440 580.
277 2391 515 2431 obtruncat.
545 2390 595 2430 R.
624 2402 661 2427 2.
685 2392 904 2429 obtruncat.

155 2453 245 2494 583.
270 2444 465 2487 Jacentia.
493 2444 665 2496 Optime
689 2458 721 2483 c.
741 2444 834 2483 Col.
860 2442 967 2482 Aliis
988 2442 1168 2484 latentia.

164 2502 251 2547 588.
282 2499 470 2551 Quemve.
496 2499 544 2536 C.
567 2497 660 2536 Col.
681 2498 833 2550 Dausq.
1178 2502 1194 2512 ³

158 2566 248 2598 392.
283 2551 425 2604 thue.
451 2553 514 2593 Sic
538 2551 670 2603 plures
699 2550 880 2604 antiqui,
908 2564 990 2591 non
1017 2562 1142 2603 atque.

162 2620 248 2655 599·
277 2606 358 2647 Sic.
389 2608 521 2659 Prope
545 2607 587 2646 in
607 2620 641 2645 c.
670 2605 715 2646 P.
737 2605 792 2655 fit
816 2635 826 2652 ,
856 2603 900 2644 id
922 2605 1002 2652 est,
1032 2606 1187 2646 utinam
1218 2605 1371 2644 minuar
1389 2636 1404 2653 ,

100 2659 214 2713 quod
246 2660 436 2701 ultimum
463 2661 506 2700 in
539 2674 571 2699 c.
599 2660 692 2702 Col.
722 2660 767 2699 P.
799 2660 850 2698 R.
883 2672 919 2698 2.
958 2660 1063 2699 Male
1088 2659 1177 2698 aliis
1208 2662 1247 2698 δε
1275 2660 1404 2697 Drak,

104 2723 149 2758 at
167 2738 205 2765 :-
220 2715 376 2760 minuet.
395 2714 526 2761 Simili
542 2727 679 2760 errore
694 2715 728 2756 δ’
746 2745 764 2767 ,
779 2711 836 2765 fit
851 2713 1053 2761 alternant
1072 2713 1115 2756 in
1134 2716 1229 2762 Stat.
1247 2714 1294 2753 X.
1315 2716 1406 2766 382.
