1653 3056
414 209 767 267 LinER
846 206 1032 266 VII.
1352 230 1455 284 141

138 304 215 356 Ac'
237 320 336 356 tum
351 346 363 368 ,
385 306 534 354 multa
556 307 721 369 putans
742 303 899 352 secum
923 343 936 365 ‚
959 318 1009 352 ut
1029 302 1250 354 remeavit
1271 306 1327 353 ab
1347 308 1465 355 urbe

24 389 114 437 520
151 375 347 424 Partitus
373 373 516 422 socias
536 373 680 434 vireS‚
707 372 858 422 vicina
882 371 1149 436 propinquis

106 483 111 488 .
149 443 292 510 Signa
317 441 436 508 jugis
456 441 605 502 locat,
628 447 670 489 &
695 440 876 503 specula
900 439 1108 488 sublimis
1131 441 1187 487 ab
1216 438 1308 488 alta

149 513 263 560 Non
287 510 498 558 Romana
524 509 674 557 minus
699 508 874 568 servat,
903 506 1037 572 quam
1064 507 1238 555 Punica
1263 507 1419 555 castra.

149 577 258 627 Nec
279 590 408 625 mora
430 597 440 625 ε
465 577 648 641 disjecto
673 615 688 636 ‚
712 574 891 624 Minuci
911 574 1152 636 vecordia,
1174 575 1325 636 vallo,

152 645 380 695 Perdendi
401 645 530 692 fimul
550 651 591 693 &
616 645 839 708 pereundi
860 642 1044 692 ardebat
1065 660 1239 692 amore.

23 730 112 776 525
221 713 382 777 Quem
403 713 637 779 postquam
656 711 866 774 rapidum
886 710 999 759 vidit
1018 711 1270 774 procedere
1292 708 1466 769 castris,

152 780 282 830 Hinc
304 781 474 844 Libys,
496 779 606 828 hinc
626 778 795 828 Fabius
812 819 824 841 ‚
847 779 978 826 simul
1003 778 1256 827 accendere
1280 778 1468 843 sagaces

155 849 209 896 In
231 848 427 896 subitum
450 865 597 895 curas.
620 847 821 910 Propere
843 864 1007 910 capere
1028 863 1155 893 arma
1178 844 1394 909 maniplis

156 915 309 964 Edicit
322 951 335 971 ,
355 915 558 980 vallique
577 930 702 964 tenet
721 914 980 962 munimine
1003 929 1173 962 turmas

154 983 401 1032 Ausonius,
423 983 634 1049 Torquet
658 997 774 1031 totas
795 981 841 1031 in
864 982 1025 1045 proelia
1046 981 1165 1029 vires

28 1069 118 1118 530
154 1051 404 1099 Poenorum
428 1051 608 1113 dustor,
631 1050 937 1115 propellitque
958 1050 1141 1117 agmina
1161 1065 1280 1099 voce
1304 1066 1315 1094 z

155 1120 287 1168 Dum
313 1117 502 1167 dictator
525 1120 645 1167 abest
662 1159 674 1180 ,
700 1136 808 1182 rape
826 1157 836 1176 ,
861 1118 992 1166 miles
1008 1157 1020 1179 ,
1052 1133 1262 1181 tempora
1285 1130 1473 1182 pugnat·

157 1185 274 1235 Non
297 1185 475 1250 sperata
496 1187 574 1234 diu
593 1188 732 1250 plano
761 1186 1012 1235 certamina
1036 1203 1204 1249 campo

159 1253 316 1302 Offert
341 1271 453 1303 ecce
477 1254 622 1303 Deus.
638 1254 843 1318 Quando
868 1253 972 1302 data
994 1253 1154 1317 copia,
1173 1255 1373 1318 longum

159 1321 413 1388 Detergete
436 1321 567 1369 fitum
590 1322 715 1370 ferro
731 1361 744 1383 ,
773 1322 1015 1385 multoque
1043 1339 1206 1370 cruore

30 1405 117 1456 535
158 1388 385 1437 Exsatiate
402 1429 413 1450 ‚
437 1388 551 1450 viri,
572 1391 732 1453 plenos
753 1390 974 1456 rubiginis
993 1390 1138 1439 enses-

159 1456 316 1521 Atque
336 1474 390 1504 ea
410 1458 643 1506 cunstator
663 1457 882 1520 pensabat
906 1459 962 1504 ab
987 1474 1157 1523 aggere
1175 1453 1289 1504 valli
1305 1492 1318 1516 ,

157 1524 434 1572 perlustrans
455 1540 644 1587 campos
668 1523 813 1572 oculis
832 1564 843 1585 ‚
866 1539 1084 1589 tantoque
1105 1521 1281 1587 periclo

160 1590 353 1639 Discere
370 1630 382 1652 ‚
408 1590 598 1655 quinam
625 1591 731 1639 esset
751 1591 920 1640 Fabius
936 1631 948 1652 ,
970 1607 1014 1640 te
1031 1631 1043 1654 ‚
1065 1592 1216 1639 Roma
1230 1630 1243 1651 ‚
1273 1588 1476 1638 dolebat.

157 1658 250 1707 Cui
263 1674 408 1718 natus,
419 1659 572 1723 juncta
586 1676 712 1706 arma
724 1659 891 1720 ferens,
906 1659 1030 1708 dabit
1045 1658 1299 1721 improbus,
1311 1654 1482 1722 inquit,

30 1745 123 1790 540
159 1726 290 1790 Quas
313 1726 499 1794 dignuS,
521 1744 711 1789 poena53
739 1726 817 1791 qui
838 1744 920 1790 per
941 1726 1152 1794 suffragia
1173 1743 1295 1775 caeca

160 1793 330 1842 Invasit
350 1794 519 1842 nostros
546 1795 640 1843 haec
664 1794 722 1842 ad
749 1794 1008 1844 discrimina
1029 1795 1193 1843 fasces,

159 1863 335 1910 Insanae
351 1899 363 1918 ,
386 1859 583 1921 spectate
602 1900 615 1922 ,
644 1862 816 1910 Tribus
838 1871 848 1910 Ξ
875 1863 958 1925 pro
982 1871 992 1910 ὲ
1017 1862 1195 1911 lubrica
1215 1859 1378 1918 rostra,

162 1929 222 1978 Et
244 1925 372 1975 vanis
394 1927 494 1975 fora
518 1928 621 1976 laeta
643 1927 749 1976 viris
772 1938 782 1977 1
806 1947 932 1978 nunc
952 1947 1144 1978 munera
1168 1927 1329 1984 Martis

162 1991 367 2058 AEquent
385 1993 608 2058 imperi0‚
632 2001 672 2044 &
699 1994 842 2044 solem
863 1997 1119 2046 concedere
1144 1997 1266 2047 nofti

33 2077 119 2124 545
161 2061 371 2111 Sciscant
401 2061 630 2112 imbelles,
660 2063 836 2131 Magna
866 2064 1080 2113 mercede
1101 2066 1296 2128 piabunt

162 2128 338 2180 Erroris
362 2131 541 2178 rabiem
557 2169 568 2190 ‚
592 2136 636 2178 &
659 2133 858 2178 nostrum
881 2131 1067 2180 violasse
1088 2145 1342 2195 parentem.

225 2196 357 2246 Tum
373 2197 520 2246 senior
536 2196 740 2261 quatiens
755 2197 926 2247 hastam
937 2240 949 2261 ‚
963 2199 1268 2263 lacrymisque
1287 2189 1453 2243 coortis
1467 2208 1484 2242 ε

167 2264 406 2332 Sanguine
425 2265 674 2312 Poenorum
691 2304 704 2324 ‚
728 2265 908 2328 juvenis
924 2306 936 2327 ‚
961 2280 1055 2314 tam
1075 2267 1212 2315 tristia
1232 2264 1348 2313 dicta

167 2332 284 2380 Sunt
304 2331 531 2380 abolenda
551 2331 649 2379 tibi.
667 2331 902 2382 Partiarne
923 2347 1028 2382 ante
1049 2351 1128 2381 ora
1146 2331 1401 2396 manusque

33 2414 131 2467 550
167 2398 339 2449 Civem
361 2398 505 2447 deleri
527 2399 693 2447 nostras
714 2411 728 2446 ?
754 2414 829 2448 aut
851 2401 1040 2450 vincere
1063 2401 1259 2450 Poenum

170 2467 254 2515 Me
275 2467 524 2530 spechnte,
550 2466 688 2514 finam
706 2478 720 2513 ?
742 2485 833 2516 non
849 2502 863 2521 ,
884 2468 1122 2532 aequaviffe
1150 2469 1376 2519 minorem
1392 2503 1412 2527 ,

172 2532 390 2583 Solvetur
420 2531 552 2596 culpa
567 2571 577 2591 ,
599 2533 629 2581 fi
650 2533 750 2582 sunt
771 2535 885 2586 mihi
905 2537 1013 2585 talia
1036 2536 1210 2585 corda?

117 2630 119 2632 -
171 2598 376 2664 Jamque
398 2599 489 2649 hoc
515 2602 532 2665 ζ
546 2617 605 2648 ne
630 2600 839 2664 dubites)
867 2603 1096 2671 longaevi,
1119 2618 1254 2663 nate,
1282 2604 1484 2669 parenti&

172 2667 380 2731 Accipe,
402 2672 444 2717 &
467 2680 626 2716 aeterno
652 2668 797 2718 fixum
823 2670 903 2719 sub
934 2674 1118 2734 pestore
1138 2671 1267 2723 serva
1290 2693 1302 2723 :

41 2749 70 2801 5
84 2748 136 2798 55
174 2733 457 2789 succensere
467 2734 598 2788 nefas
618 2735 808 2803 Patriae3
827 2755 915 2792 nec
934 2739 1102 2793 foedior
1122 2739 1218 2793 ulla
