1653 3056
158 206 265 252 122
533 185 1276 253 S1L111TA1,101

287 285 417 335 Cura
438 284 525 334 fuit
546 306 557 334 t
587 306 698 336 nam
719 288 989 351 Tyrrhenos
1006 330 1018 352 ,
1041 291 1327 357 Poenumque
1353 292 1559 344 secundis

288 353 474 420 Albana
504 354 689 422 surgens
707 356 970 418 respexerat
996 376 1101 406 arce
1131 375 1383 408 tumentem
1401 401 1416 422 ,

291 422 391 485 Qui
413 421 532 470 ferre
562 423 610 469 in
640 440 796 471 muros
820 425 1023 474 vietricia
1048 426 1170 492 ligna
1199 429 1401 489 parabat.

161 495 257 539 600
293 489 422 538 Tum
454 488 656 554 quassans
690 507 858 556 caput,
888 492 1011 542 haud
1043 511 1249 558 unquam
1276 494 1393 558 tibi,
1428 495 1610 561 Jupiter

127 577 133 583 ·
488 556 665 622 inquit,
1140 606 1146 615 ,

293 623 344 673 Ο
372 619 548 689 iuvenis
573 634 582 673 !
608 623 814 674 dederim
835 642 991 689 portas
1013 628 1320 679 transcindere
1343 630 1531 694 Romae,

291 691 448 754 Atque
470 691 640 741 inferre
661 693 842 756 pedem.
873 694 1138 758 Tyrrhenas
1160 698 1352 747 sternere
1376 702 1521 749 valles

294 757 508 807 Caedibus
522 799 534 821 ,
557 765 599 808 δε
619 759 737 824 ripas
757 760 1004 809 fluviorum
1024 763 1149 811 exire
1177 764 1344 812 Latino

296 826 532 892 Sanguine
555 827 624 876 fas
645 827 797 876 fuerit.
820 828 1075 891 Tarpeium
1096 830 1371 879 adscendere
1393 834 1562 882 collem
1579 873 1595 896 ,

164 903 256 956 605
288 893 496 944 Murisve
516 894 742 959 adspirare
765 909 890 944 veto.
923 897 1102 960 Quater
1128 896 1236 946 inde
1267 900 1512 950 coruscum

300 961 529 1011 Contorfit
553 962 710 1011 dextra
730 963 908 1011 fulmen
925 1003 937 1023 ‚
963 983 1053 1028 quo
1079 979 1173 1013 tota
1197 966 1364 1015 reluxit

297 1025 583 1079 Maeonidum
607 1031 742 1079 tellus
759 1071 770 1092 ,
800 1047 1036 1096 atramque
1062 1050 1143 1095 per
1165 1033 1329 1082 aethera
1353 1035 1549 1085 volvens

295 1097 509 1161 Abrupto
531 1098 668 1166 fregit
692 1100 811 1147 coelo
835 1100 966 1163 super
985 1099 1167 1167 agmina
1190 1104 1378 1151 nubem.

364 1166 470 1215 Nec
491 1166 687 1215 Poenum
705 1167 908 1215 avertisse
927 1167 1027 1216 satis
1046 1188 1055 1215 :
1077 1167 1177 1228 dat,
1198 1171 1387 1218 numine
1408 1186 1608 1237 magno,

167 1244 260 1286 610
297 1231 515 1292 AEneadis
534 1234 721 1283 tandem
743 1236 922 1301 gremio
946 1235 1174 1297 deponere
1196 1250 1294 1284 tuto

297 1301 578 1349 Romuleam
599 1316 787 1368 gentem
804 1340 817 1359 ‚
843 1301 1082 1366 Fabioque
1109 1303 1259 1351 salutis
1279 1305 1480 1351 habenas

297 1368 503 1417 Credere
528 1369 713 1417 ductori.
737 1369 828 1417 Cui
851 1370 1084 1434 postquam
1107 1370 1267 1419 tradita
1286 1371 1398 1419 belli

295 1435 411 1488 Jura
434 1436 582 1495 videt,
608 1454 700 1484 non
723 1436 871 1498 hunc>
893 1437 1062 1501 inquit,
1085 1437 1362 1500 superaverit
1379 1455 1584 1503 unquam

296 1503 476 1552 Invidia
491 1545 501 1565 ,
526 1518 602 1552 aut
625 1504 794 1552 blando
816 1504 1046 1567 popularis
1071 1504 1217 1572 gloria
1236 1505 1346 1553 fuco
1370 1526 1380 1553 :

167 1583 258 1634 615
298 1572 549 1621 Nonastus
570 1573 739 1632 fallax,
761 1590 854 1620 non
877 1572 1054 1636 paeda,
1078 1572 1250 1621 aliusve
1274 1572 1456 1636 cupido,

299 1640 516 1690 Bellandi
539 1654 670 1690 vetus
686 1682 696 1701 ‚
720 1657 774 1688 ac
795 1640 1012 1699 laudum,
1035 1639 1317 1704 cladumque
1341 1637 1491 1705 quieta

303 1706 469 1757 Mente
487 1725 634 1771 capax
653 1725 666 1763 ;
685 1725 767 1771 par
785 1707 1023 1775 ingenium
1041 1745 1053 1768 ,
1081 1707 1320 1772 castrisque
1333 1747 1345 1768 ,
1367 1722 1594 1774 togaeque.

301 1775 380 1825 Sic
400 1775 579 1841 genitor
600 1774 779 1825 Divfim
793 1815 803 1834 ,
826 1774 1077 1839 recipthue
1099 1775 1155 1822 ad
1176 1774 1317 1823 fidera
1337 1774 1521 1842 gressus.

371 1843 490 1904 Hic,
525 1843 860 1906 circum-speffls
888 1843 1005 1891 nulli
1026 1842 1271 1904 deprensus
1291 1841 1338 1890 in
1364 1842 1500 1890 armis
1518 1881 1532 1904 ‚

177 1923 272 1965 620
310 1911 635 1976 Laudatusque
659 1911 768 1963 Jovi
793 1910 962 1959 Fabius
978 1950 990 1970 ,
1017 1909 1224 1959 mirabile
1251 1909 1473 1975 quantum

313 1979 563 2028 Gaudebat
583 1979 801 2028 reducem
823 1978 984 2027 Patriae
1007 1977 1306 2026 adnumerare
1327 1976 1531 2026 reversus
1546 2009 1561 2033 ‚

309 2047 523 2096 Duxerat
548 2047 787 2115 egrediens
810 2064 950 2112 quam
974 2045 1130 2094 secum
1152 2045 1198 2093 in
1218 2044 1378 2108 proelia
1398 2084 1407 2100 ,
1435 2046 1625 2107 pubem,

311 2113 363 2164 Ν
367 2133 422 2165 ec
442 2114 662 2164 membris
684 2114 921 2179 quisquam
937 2153 949 2176 ‚
972 2127 1138 2161 natove
1162 2110 1368 2176 pepercit
1388 2126 1539 2161 amato

314 2182 514 2246 Acris1s3
542 2198 618 2232 aut
643 2181 756 2231 vidit
778 2182 954 2231 socium
973 2199 1055 2243 per
1077 2180 1202 2228 bella
1226 2197 1438 2229 cruorem

186 2261 211 2305 6
221 2267 277 2314 25
317 2250 509 2299 Tristior
531 2271 542 2300 ε
566 2265 701 2315 atque
722 2249 845 2299 idem
870 2289 881 2311 ,
903 2248 1112 2312 perfusus
1132 2247 1351 2315 sanguine
1371 2247 1518 2298 vietor

320 2317 489 2367 Hostili
505 2358 517 2379 ‚
540 2317 686 2381 plenis
706 2319 942 2380 repetebat
967 2315 1137 2366 moenia
1158 2315 1333 2365 castriS..

386 2384 535 2448 Stirpe
559 2403 702 2453 genus
727 2386 902 2434 clarum
924 2426 935 2446 ,
959 2385 1168 2449 coeloque
1189 2382 1348 2431 adfinis
1370 2383 1518 2450 origo.

320 2453 453 2502 Nam
471 2471 677 2502 remeans
695 2453 844 2519 longis
866 2452 980 2500 olim
999 2450 1271 2516 Tirynthius
1296 2450 1383 2500 oris
1398 2485 1413 2507 ‚

323 2519 383 2569 Et
401 2519 587 2584 triplicis
607 2520 790 2569 monstri
807 2521 980 2569 famam
995 2561 1006 2582 ,
1027 2526 1068 2570 &
1089 2519 1344 2582 spestacula
1363 2531 1517 2581 captas

196 2598 290 2658 &30
327 2588 452 2638 Mira
476 2591 618 2639 boves
638 2589 748 2650 hac,
773 2589 860 2654 qua
882 2588 1066 2656 fulgent
1088 2604 1212 2636 nunc
1232 2586 1406 2637 moenia
1425 2584 1587 2633 Romae

332 2656 443 2723 Egit
465 2674 621 2706 ovans.
648 2656 787 2704 Tunc
814 2657 1039 2706 Arcadius
1062 2664 1078 2719 (
1100 2655 1159 2704 fic
1180 2655 1344 2726 fama)
1370 2653 1552 2707 locabat

330 2727 453 2779 Inter
473 2724 672 2782 desertos
689 2724 881 2782 fundata
900 2724 1071 2784 Palatia
1093 2724 1259 2779 dumos
