1627 3056
173 185 283 257 346
541 177 801 237 S1L11
884 181 1271 241 ITALxczt

306 274 507 342 Ingentis
526 273 675 324 Paulli
692 276 782 326 ruis
797 318 811 339 ‚
835 295 889 326 ac
909 277 1069 346 defigis
1088 279 1132 327 in
1154 280 1243 329 offa

307 343 616 393 Mucronem:
641 343 722 393 tibi
740 345 960 412 pugnacis
984 347 1211 414 gestantur
1239 347 1392 410 opima

310 410 527 460 Marcelli
558 431 567 458 :
605 410 938 478 Gracchusque
960 415 1124 463 cadens
1145 415 1228 465 tibi
1251 417 1419 478 proluit
1440 420 1612 474 ensem,

177 497 270 543 300
305 478 430 527 Ecce
458 495 640 539 manus,
661 497 759 543 quae
783 495 828 530 te
845 480 1100 544 pulsantem
1116 521 1129 542 ‚
1154 483 1348 550 belliger
1377 485 1502 550 Appi

304 544 484 595 Moenia
504 545 705 594 sublimis
729 547 899 612 Capuae
916 587 928 607 ‚
948 548 1003 596 de
1027 549 1231 598 culmine
1252 551 1373 599 muri

305 612 503 661 Excelso
531 612 631 662 fusfi
656 615 983 663 moribundum
1003 616 1203 678 propulit
1228 616 1363 667 hastrl.

308 678 433 729 Ecce
458 679 581 729 aliud
603 680 782 730 fulmen
809 682 1001 742 dextrae,
1025 700 1117 746 quo
1138 683 1291 732 nobile
1312 689 1484 735 nomen

310 746 501 795 Fulvius
522 748 701 811 excepit
720 766 810 796 non
831 767 974 798 unum
995 752 1178 813 pectore
1196 751 1376 802 vulnus

179 827 269 880 305
307 814 419 862 Huc
443 815 589 875 prima
611 832 655 863 te
679 816 770 864 siste
793 817 915 878 acie,
935 817 1009 865 cui
1026 816 1198 865 Consul
1219 818 1264 866 in
1287 818 1423 867 armis

309 881 547 945 Crispinus
574 883 752 933 cecidit.
780 884 864 932 Me
881 900 931 932 tu
952 884 1173 932 comitare
1195 903 1275 946 per
1299 887 1444 935 hostes

309 949 409 1014 Qui
430 949 561 998 nobis
583 950 832 1010 (memini)
862 951 918 1000 ad
942 951 1124 1000 Cannas
1143 952 1386 1003 laetiffimus
1406 955 1484 1004 irae

310 1016 475 1067 Servili
497 1017 588 1066 fers
609 1036 687 1067 ora
707 1018 833 1067 ducis
849 1019 1008 1068 suffixa
1026 1033 1204 1070 veruto.

380 1085 534 1133 Cerno
559 1087 797 1153 flagrantes
821 1087 1003 1148 oculos,
1028 1088 1304 1152 vultumque
1324 1086 1582 1141 timendum

177 1168 276 1218 310
312 1148 425 1199 Non
444 1152 539 1215 ipso
561 1154 707 1202 minus
727 1153 832 1202 ense
852 1170 979 1202 tuum
1000 1193 1013 1216 ‚
1033 1153 1271 1202 fortissime
1298 1154 1494 1207 Poenfim

314 1216 390 1268 O!
417 1219 595 1284 juvenis
609 1261 620 1282 ‚
641 1223 825 1284 qualem
843 1221 942 1271 vidi
958 1239 1103 1286 quum
1123 1222 1313 1269 flumine
1335 1223 1451 1271 saevo

309 1286 500 1352 Insignis
521 1289 703 1337 Trebiae
717 1329 727 1349 ,
753 1290 1050 1352 complexum
1073 1288 1332 1355 ingentibus
1351 1291 1470 1339 ulnis

312 1352 504 1404 Merfifli
525 1355 667 1404 fundo
686 1357 931 1405 luctantem
952 1374 1072 1405 vana
1088 1355 1369 1408 Tribunum.

312 1422 380 1470 At
399 1437 447 1470 tu
462 1463 474 1483 ‚
499 1423 574 1488 qui
596 1423 767 1491 gelidas
787 1423 945 1472 Ticini
963 1423 1135 1486 primus
1152 1423 1210 1471 ad
1228 1423 1371 1473 undas

181 1504 272 1555 315
311 1488 529 1552 Scipiadae
549 1492 685 1555 patris
709 1491 871 1540 tinxisti
892 1490 1108 1558 sanguine
1129 1490 1302 1539 ferrum
1319 1529 1332 1552 ‚

311 1558 518 1620 Incoepta
539 1558 786 1623 exsequere
801 1599 814 1620 ,
834 1565 873 1608 &
895 1560 988 1609 nati
1009 1557 1123 1607 mihi
1148 1558 1288 1607 redde
1308 1574 1534 1612 cruorem.

313 1625 655 1675 Horrescamne
673 1627 805 1690 ipsos,
823 1627 1009 1676 veniant
1031 1626 1086 1675 ad
1106 1626 1285 1689 proelia,
1303 1625 1470 1689 Divos,

314 1693 479 1755 Quum
500 1693 614 1741 stetis
633 1709 790 1742 turmae
805 1731 819 1751 ,
841 1693 935 1742 vidi
958 1694 1172 1742 certantia
1199 1695 1318 1744 coelo
1462 1707 1466 1711 ·

313 1760 445 1823 Quas
467 1760 575 1826 juga
597 1761 825 1809 calcantes
854 1761 1051 1808 summas
1077 1760 1268 1808 volitare
1297 1776 1379 1822 per
1399 1760 1543 1823 Alpes
1565 1778 1584 1820 ς
1609 1765 1614 1780 ’

182 1842 277 1889 320
313 1827 476 1890 Quum
496 1827 678 1876 videam
699 1846 893 1892 quorum
916 1828 1037 1876 ferro
1059 1826 1357 1892 manibusque
1377 1843 1570 1891 capaces

315 1894 483 1943 Arsere
505 1896 745 1961 Argyripae
770 1896 948 1959 campi?
972 1912 1084 1942 num
1108 1894 1288 1961 segnior
1313 1893 1397 1942 ibis

308 1962 454 2011 Nunc
479 1962 616 2023 mihi,
640 1963 715 2027 qui
745 1963 915 2026 primus
934 1976 1118 2027 torques
1137 1961 1182 2010 in
1200 1960 1369 2009 r'noenia
1386 1958 1532 2011 telum

307 2029 529 2078 Dardana
544 2070 556 2091 ,
584 2048 670 2080 nec
697 2031 849 2079 nostrze
869 2029 1013 2078 facilis
1033 2029 1290 2078 concedere
1311 2029 1465 2077 laudi?

390 2098 465 2146 Te
485 2097 598 2147 verb
612 2139 624 2160 ‚
644 2112 714 2159 te,
736 2113 779 2146 te
800 2097 1084 2146 exstimulem
1098 2137 1111 2158 ‚
1135 2097 1211 2160 qui
1231 2097 1431 2145 fulmina
1452 2104 1610 2148 contra

181 2180 270 2231 325
309 2164 366 2213 Et
386 2165 566 2214 nimbos
583 2206 595 2226 ,
621 2166 901 2231 tonitrusque
916 2206 929 2227 ‚
954 2181 1006 2213 ac
1028 2165 1193 2212 summi
1213 2164 1410 2212 numinis
1431 2163 1519 2212 iras

310 2231 472 2295 Quum
498 2234 658 2281 starem
675 2273 686 2293 ‚
712 2234 914 2296 perferre
934 2232 1065 2281 ferox
1085 2232 1181 2280 haec
1200 2249 1319 2280 vana
1337 2230 1530 2295 jubebas

310 2299 487 2347 Nubila
505 2339 517 2361 ‚
545 2306 584 2349 δε
609 2316 712 2349 ante
738 2300 905 2349 ducem
925 2300 1158 2362 Capitolia
1185 2299 1303 2347 celsa
1323 2300 1544 2359 petebas?

310 2367 438 2430 Quid
459 2386 541 2416 vos
558 2408 570 2429 ,
595 2368 692 2432 qu‘i's
717 2369 840 2416 claro
865 2368 1009 2416 deleta
1030 2368 1090 2415 est
1113 2367 1263 2415 Marte
1285 2366 1514 2430 Saguntos

308 2431 562 2495 Exhorter,
584 2453 694 2499 quos
717 2436 955 2484 nobilitant
975 2433 1220 2498 primordia
1246 2433 1356 2482 belli
1375 2443 1387 2479 ἓ

175 2516 272 2568 330
306 2499 379 2549 Ut
401 2520 567 2565 meque
593 2508 634 2551 δε
653 2505 783 2552 vobis
804 2504 1014 2570 dignum,
1038 2501 1296 2560 defendite,
1320 2500 1470 2563 quaesb
1487 2537 1503 2562 ,

305 2567 556 2617 Praeteritas
580 2570 745 2619 dextrae
768 2572 938 2620 laudes.
963 2568 1141 2619 Divfim
1160 2568 1255 2631 ipse
1274 2569 1466 2629 favore,

303 2633 643 2702 Vincendoque
665 2638 801 2687 senex
819 2637 1017 2687 Patriam
1041 2638 1137 2700 post
1160 2637 1276 2685 trina
1294 2635 1528 2685 labantem
1572 2657 1574 2661 ·

304 2699 467 2755 Lustra
479 2743 494 2771 ,
516 2709 559 2756 &
579 2722 671 2756 non
688 2705 807 2760 visos
825 2721 922 2760 tam
939 2705 1081 2775 longa
1108 2717 1234 2758 aetate
1253 2704 1472 2766 Penates,
