1627 3056
383 137 1032 201 L1ssx-:RXVL
1346 163 1462 222 319

135 241 294 308 Quam
314 241 498 302 deceat,
534 238 826 303 pretiumque
853 240 1002 302 operis
1019 237 1070 286 fit
1105 232 1282 287 tradere
1304 239 1458 293 famae.

41 319 100 363 80
138 311 371 360 Cantaber
391 308 578 375 ingenio
602 311 919 356 membrorum
937 347 951 368 ‚
972 312 1025 373 ⁴&
1046 306 1173 354 mole
1192 307 1374 366 timeri,

140 377 237 428 Vel
260 377 406 425 nudus
425 374 523 423 telis
540 413 552 437 ‚
572 389 750 438 poterat
770 376 929 424 Larus.
953 374 1050 423 Hic
1072 373 1171 422 fera
1190 414 1202 435 ,
1236 374 1387 442 gentis

136 445 275 494 More
293 485 304 506 ‚
334 443 589 511 securigera
609 442 832 491 miscebat
850 441 1012 506 proelia
1032 441 1191 490 dextra
1213 481 1225 503 ,

134 513 196 563 Et
215 553 228 574 ,
262 530 524 578 quanquam
545 511 676 560 fundi
696 511 741 559 se
765 511 942 559 circum
963 509 1093 573 pulsa
1111 508 1291 560 videret

138 581 345 648 Agmina
369 621 380 642 ‚
410 580 560 628 deleta
583 578 763 647 gentilis
789 582 914 643 pube
941 594 1136 627 catervae
1152 618 1165 640 ,

42 654 96 710 ὃς
137 649 375 698 Caesorum
395 649 617 712 implebat
638 647 755 695 solus
776 648 880 695 loca
902 668 912 696 z
938 646 1014 695 seu
1035 646 1152 694 foret
1172 643 1308 693 hostis

140 715 443 777 Comminus,
478 715 654 779 expleri
679 715 909 783 gaudebat
932 714 1127 763 vulnere
1153 713 1315 763 frontis

136 784 387 847 Adver11733
422 786 500 832 seu
529 787 645 833 laeva
676 783 795 831 acies
827 782 872 830 in
901 784 1029 831 bella
1056 797 1273 842 vocaret,

149 852 363 918 Obliquo
389 853 532 901 telum
555 851 747 900 reflexus
762 851 913 900 Marte
937 853 1128 899 rotabat.

151 921 249 981 At,
280 938 436 986 ‘quum
463 938 583 983 pone
610 919 744 968 ferox
780 919 920 975 aversi
952 919 998 967 in
1028 934 1158 985 terga
1185 914 1365 968 veniret

44 1004 107 1045 90
144 987 305 1039 Vitsstor
323 1029 335 1049 ‚
361 988 425 1037 nii
448 987 676 1050 trepidans
701 999 821 1035 retro
852 986 1016 1051 jactare
1041 985 1296 1048 bipennem

144 1056 386 1117 Callebat,
426 1055 555 1104 nulla
587 1056 700 1103 belli
730 1072 823 1103 non
853 1069 981 1118 parte
1016 1053 1261 1102 timendus.

143 1123 272 1172 Huic
295 1163 307 1186 ,
355 1122 482 1172 ducis
510 1123 666 1171 inviffi
699 1140 945 1190 germanus
975 1121 1156 1170 turbine
1190 1120 1313 1171 vasto

145 1191 301 1255 Scipio
332 1207 639 1256 contorquens
670 1191 842 1239 hastam
865 1230 876 1251 ,
918 1191 1100 1238 cudone
1132 1204 1370 1237 comantes

144 1258 355 1307 Decuffit
383 1258 559 1308 crines:
584 1277 786 1322 namque
808 1258 939 1307 altius
970 1260 1066 1306 afta
1094 1256 1296 1306 cucurrit

46 1340 104 1386 95
145 1325 308 1388 Cuspis
331 1367 342 1387 ,
386 1332 429 1375 ὃς
460 1326 579 1375 elata
609 1327 769 1388 procul
801 1327 861 1374 est
893 1325 1068 1389 deje8ta
1102 1324 1266 1376 securi.

213 1394 277 1442 At
305 1393 484 1457 juvenis
502 1433 513 1453 ‚
551 1394 625 1443 cui
649 1396 794 1442 telum
821 1395 983 1460 ingens
1008 1392 1255 1441 accesserat
1280 1390 1345 1440 ira
1363 1427 1379 1452 ,

143 1460 440 1510 Barbaricam
465 1459 658 1517 affiiiens
688 1478 858 1528 magno
894 1461 1096 1509 clamore
1130 1462 1385 1523 bipennem

143 1529 327 1577 Incutit.
360 1527 648 1578 Intremuere
687 1529 807 1576 acies
829 1569 841 1589 ,
881 1528 1118 1593 sonuitque
1151 1546 1233 1591 per
1264 1543 1396 1576 auras

143 1595 355 1644 Pondere
381 1596 606 1663 belligero
643 1596 806 1659 pulsati
839 1596 1053 1663 tegminis
1083 1599 1244 1646 umbo,

17 1675 108 1709 100
145 1662 487 1726 Haudimpune
503 1664 690 1727 quidem
710 1683 723 1726 3
743 1682 952 1712 remeans
968 1682 1075 1712 nam
1091 1666 1282 1712 dextera
1298 1665 1354 1711 ab
1371 1662 1464 1713 istu

146 1730 319 1779 Decisa
341 1732 401 1779 est
424 1732 578 1799 gladio
594 1772 605 1794 ‚
639 1750 692 1781 ac
715 1732 878 1780 dilecto
908 1732 1156 1781 immortua
1178 1733 1291 1781 telo,

146 1798 247 1862 Qui
273 1800 509 1863 postquam
530 1818 689 1847 murus
708 1800 883 1849 miseris
906 1799 994 1848 ruit
1013 1840 1025 1860 ,
1062 1801 1250 1867 agmina
1270 1815 1468 1850 concors
1525 1848 1529 1852 .

148 1865 333 1915 Avertit
355 1867 466 1934 fuga
491 1868 728 1915 confestim
755 1868 951 1930 dispersa
973 1886 1054 1930 per
1075 1886 1226 1935 agros.

149 1935 257 1982 Nec
277 1952 440 2001 pugnae
465 1934 665 1997 species,
693 1934 769 1982 sed
792 1952 936 1997 poenae
957 1934 1084 1983 tristis
1105 1937 1261 2003 imago

17 2014 34 2047 1
47 2014 104 2060 05
146 2001 230 2050 Illa
243 2018 354 2063 erat,
368 2003 473 2050 hinc
488 2002 663 2050 tant-Dm}
678 2001 950 2063 caedentum,
964 2017 1100 2068 atque
1112 2004 1218 2052 inde
1235 2001 1470 2056 ruentum.

143 2068 231 2117 Per
249 2070 426 2118 medios
449 2070 656 2118 Hannon
675 2110 686 2131 ‚
715 2070 889 2132 palmas
911 2071 1006 2133 post
1028 2087 1156 2139 terga
1176 2071 1407 2121 revinctus

142 2136 270 2186 Ecce
291 2139 557 2186 trahebatur
575 2179 586 2199 ,
617 2138 863 2201 lucemque
887 2139 1009 2197 (heu
1027 2139 1180 2187 dulcia
1201 2139 1312 2188 coeli

143 2202 343 2254 Lumina
363 2215 372 2253 l
396 2213 414 2265 >
448 2207 655 2269 captivus
676 2244 689 2263 ‚
724 2206 881 2254 lucem
906 2206 1023 2254 inter
1045 2206 1202 2257 vincla
1224 2208 1432 2270 petebat.

143 2271 236 2321 Cui
258 2276 402 2321 rector
422 2273 597 2321 LatiuS.
621 2273 776 2321 Tanta
791 2311 804 2330 ‚
827 2292 884 2321 en
902 2314 914 2334 ,
938 2273 1016 2338 qui
1037 2292 1179 2343 regna
1195 2275 1464 2338 reposcant,

14 2356 32 2388 1
51 2357 105 2389 10
142 2339 261 2404 Quis
285 2341 419 2389 cedat
440 2356 548 2408 toga
570 2376 583 2395 ‚
615 2347 657 2389 &
679 2341 883 2392 armiferi
906 2359 1018 2409 gens
1041 2343 1165 2391 sacra
1191 2342 1410 2408 Quirini!

144 2408 341 2456 Servitio
363 2408 392 2456 fi
418 2423 512 2456 tam
536 2408 700 2458 faciles
723 2449 735 2471 ,
765 2427 846 2458 cur
867 2411 990 2459 bella
1010 2410 1190 2459 refertis
1209 2423 1222 2458 ?

211 2476 330 2524 Haec
352 2475 470 2524 inter
489 2476 693 2526 celerare
715 2477 934 2544 gradum,
954 2478 1206 2545 coniungat
1232 2492 1282 2526 ut
1305 2494 1463 2542 arma,

143 2541 456 2591 Asdrubalern
478 2542 695 2611 ignarum
722 2544 862 2593 cladis
887 2547 1163 2610 praenuntius
1187 2547 1337 2597 adfert

142 2610 420 2673 Explorator
438 2629 578 2675 eques
602 2632 611 2660 :
639 2627 786 2675 raptat
807 2612 900 2662 dux
927 2616 1065 2663 obvia
1088 2615 1213 2681 signa
1242 2634 1252 2663 ε

12 2694 98 2739 115
138 2678 210 2728 Ae
227 2719 240 2742 ‚
266 2680 505 2745 postquam
522 2693 726 2745 optatam
747 2681 873 2732 laetus
897 2683 1170 2751 contingere
1194 2696 1403 2751 pugnam

1127 2749 1251 2802 Oiv
