1627 3056
130 179 241 257 276
469 181 724 239 SrL11
805 183 1205 243 ITAL101

265 273 512 338 Concipiat
527 315 540 336 ‚
561 277 811 341 perstetque
840 278 936 326 suas
957 296 1049 326 non
1076 279 1275 342 pandere
1299 295 1478 350 portasg

264 342 499 391 Incumbit
519 344 642 391 bello
656 383 669 405 ‚
701 363 754 392 ac
781 359 924 393 totam
948 364 1028 409 per
1058 347 1264 407 proxima
1287 352 1450 411 raptim

136 425 155 460 x
168 427 226 456 20
261 409 514 457 Armorum
530 410 718 460 effundit
737 412 969 461 flammato
987 415 1168 476 pectore
1188 415 1374 474 pestem.

264 477 378 524 Non
404 477 531 524 aliter
551 478 716 527 Boreas
734 519 747 540 ,
783 480 1029 543 Rhodopes
1057 498 1081 527 a
1109 480 1279 528 vertice
1300 499 1502 546 praeceps

263 545 428 606 Quum
448 544 539 592 sese
559 546 744 594 immisit
759 587 771 608 ,
794 547 1067 611 decimoque
1083 547 1317 596 volumine
1334 567 1527 612 pontum

265 611 456 673 Expulit
476 612 521 659 in
544 625 680 662 terras
698 653 709 673 ‚
738 615 939 678 sequitur
958 632 1065 662 cum
1090 631 1323 662 murmure
1342 619 1516 666 molem

262 677 406 744 Ejeffl
429 679 562 727 maris
580 720 592 740 ,
631 687 673 729 &
696 681 977 730 stridentibus
999 681 1212 730 adfremit
1240 681 1337 729 alis,

134 758 222 802 125
326 745 478 794 PrIma
509 747 758 796 Leontinos
776 749 1003 798 vastirrunt
1026 749 1184 810 proelia
1215 766 1400 812 campos
1416 790 1430 812 ‚

258 811 518 879 Regnatam
536 814 632 863 diro
655 816 887 881 quondam
910 816 1199 883 Laestrygone
1224 832 1411 866 terram.

258 880 456 929 Instabat
478 883 634 932 ductor
651 923 663 944 ,
696 884 773 932 cui
797 883 924 931 tarde
950 884 1134 933 vincere
1160 882 1322 932 Graias
1342 925 1354 945 ,

186 1002 187 1005 Ἰ
258 946 348 996 Par
375 964 471 997 erat
505 967 559 998 ac
580 950 705 1000 vinci
727 990 740 1012 ‚
766 965 950 999 turmas.
983 951 1090 999 Ruit
1109 968 1289 1014 aequore
1314 965 1408 1000 toto

261 1014 575 1076 (Femineum
591 1018 746 1066 credas
763 1018 960 1067 maribus
985 1036 1257 1066 concurrere
1277 1019 1502 1086 vulgum)

124 1090 150 1141 ’,ι
166 1099 224 1147 30
260 1082 319 1130 Et
344 1083 504 1133 Cereri
530 1085 721 1147 placitos
742 1085 961 1134 fecundat
983 1085 1200 1152 sanguine
1220 1102 1423 1149 campos,

257 1152 530 1200 Sternuntur
556 1152 712 1215 paffim
732 1192 744 1213 ,
785 1153 1064 1217 pedibusque
1091 1153 1286 1201 evadere
1311 1154 1455 1202 letum

258 1217 437 1281 Eripuit
458 1219 637 1282 rapidus
670 1221 859 1270 Mavors
879 1261 892 1282 ‚
928 1236 975 1268 ut
1004 1219 1170 1283 cuique
1197 1219 1388 1268 salutem

253 1282 464 1335 Promisit
487 1287 596 1353 fuga
614 1327 625 1348 ,
660 1287 940 1350 praeveniens
964 1287 1056 1335 dux
1082 1300 1277 1349 occupat
1298 1288 1419 1335 ense.

319 1353 388 1402 Ite
403 1393 415 1416 ,
432 1371 622 1421 gregem
642 1354 796 1403 metite
814 1354 1077 1415 imbellem,
1097 1371 1149 1402 ac
1169 1354 1386 1402 succidite
1405 1354 1550 1416 ferro,

128 1431 216 1481 135
255 1418 470 1482 Clamat,
507 1424 767 1470 cunc0mntes
801 1439 967 1488 urgens
993 1424 1197 1470 umbone
1223 1434 1440 1472 catervas.

252 1487 389 1554 Pigro
410 1489 608 1540 luetandi
633 1490 773 1538 studio
799 1505 1029 1538 certamen
1056 1489 1102 1537 in
1128 1487 1290 1536 umbrzl

251 1555 404 1604 Molle
429 1557 524 1620 pati
549 1557 678 1605 docta
700 1597 711 1617 ‚
739 1563 782 1606 &
802 1558 1002 1624 gaudens
1023 1556 1336 1620 splendescere
1361 1556 1484 1606 olivo
1501 1596 1516 1619 ‚

248 1622 349 1671 Stat
370 1624 603 1673 mediocre
624 1625 764 1673 decus
780 1624 1050 1674 vincentum
1071 1664 1082 1683 ‚
1107 1624 1270 1690 ignava
1291 1624 1520 1688 juventus,

253 1690 373 1738 Haec
401 1691 499 1738 laus
520 1692 613 1739 sola
641 1692 770 1740 datur
786 1731 798 1751 ‚
825 1693 855 1739 fi
876 1692 972 1741 viso
994 1691 1173 1741 vincitis
1193 1692 1332 1741 hoste.

121 1767 213 1815 140
249 1757 426 1823 Ingruit
443 1797 456 1819 ,
484 1758 636 1806 audito
658 1759 866 1817 ducrore,
893 1758 1114 1807 exercitus
1139 1758 1316 1820 omnis,

247 1823 447 1889 Solaque
469 1826 588 1889 quod
616 1826 808 1887 superest
832 1826 985 1874 secum
1012 1826 1258 1874 certamina
1282 1823 1470 1875 morunt

248 1890 370 1955 Quis
391 1891 544 1940 dextr&
569 1893 741 1942 antistet
756 1932 766 1952 ,
794 1892 1035 1956 spoliisque
1054 1892 1252 1944 excellat
1274 1892 1454 1957 opimis.

243 1958 448 2007 Euboici
467 1977 558 2007 non
576 2001 588 2021 ‚
613 1978 693 2024 per
713 1960 922 2022 scopulos
943 1959 1058 2008 illisa
1081 1958 1352 2023 Caphareo,

245 2025 407 2090 Euripi
426 2027 571 2094 magis
591 2029 712 2076 unda
733 2027 838 2076 furit
860 2048 869 2076 :
896 2042 1147 2090 pontumve
1170 2026 1406 2076 sonantem

107 2104 204 2159 :145
242 2092 382 2158 Ejicit
405 2096 591 2162 angusto
612 2095 857 2144 violentius
889 2113 965 2144 ore
986 2093 1262 2158 Propontis:

240 2163 348 2210 Nec
377 2160 527 2212 fervet
551 2163 722 2228 majore
747 2163 941 2223 fretum,
967 2160 1228 2225 rapiturque
1250 2162 1450 2211 tumultu

239 2228 385 2293 Quod
405 2229 512 2279 ferit
532 2230 787 2279 Herculeas
803 2244 1012 2280 extremo
1035 2228 1128 2276 sole
1149 2231 1407 2279 columnas,

305 2296 425 2344 Mite
446 2313 598 2345 tamen
624 2298 790 2347 dextrae
815 2299 952 2346 decus
975 2297 1093 2346 inter
1118 2295 1279 2360 proelia
1298 2309 1420 2344 tanta

237 2361 437 2424 Enhust,
463 2364 603 2413 famz'i.
631 2365 772 2414 Miles
794 2365 1060 2429 Tyrrhenus
1081 2402 1096 2426 ,
1119 2364 1246 2413 Asilo

99 2440 128 2483 23
141 2441 200 2488 50
231 2428 424 2478 Nomen
467 2445 562 2480 erat
583 2470 596 2492 ‚
646 2448 802 2498 captus
846 2433 1081 2498 quondam
1119 2431 1178 2481 ad
1221 2428 1538 2496 Thrasymena

436 2499 608 2547 fluenta
624 2538 638 2562 ‚

229 2562 480 2613 servitium
500 2566 635 2615 facile
659 2572 701 2617 &
726 2566 998 2616 dominantis
1016 2564 1177 2616 mollia
1198 2562 1308 2630 jussa

232 2631 457 2695 Expertus
477 2633 633 2697 Beryae
653 2673 665 2695 ,
690 2634 858 2699 patrias
878 2637 1113 2685 remeabat
1135 2634 1191 2683 ad
1212 2649 1311 2682 oras

229 2697 404 2768 Sponte
422 2699 621 2755 faventis
641 2702 741 2753 heri
753 2742 768 2767 ,
797 2702 1087 2773 repetitisque
1105 2701 1304 2771 impiger
1321 2697 1459 2753 armis
