<?xml version="1.0" encoding="UTF-8"?>
<!DOCTYPE html PUBLIC "-//W3C//DTD XHTML 1.0 Transitional//EN"
    "http://www.w3.org/TR/xhtml1/DTD/xhtml1-transitional.dtd">
<html xmlns="http://www.w3.org/1999/xhtml" xml:lang="en" lang="en">
 <head>
  <title>
</title>
<meta http-equiv="Content-Type" content="text/html;charset=utf-8" />
  <meta name='ocr-system' content='tesseract 3.04.00' />
  <meta name='ocr-capabilities' content='ocr_page ocr_carea ocr_par ocr_line ocrx_word'/>
</head>
<body>
  <div class='ocr_page' id='page_1' title='image "./csiliiitalicideb00sili_0391.png"; bbox 0 0 1627 3056; ppageno 0'>
   <div class='ocr_carea' id='block_1_1' title="bbox 314 189 1382 239">
    <p class='ocr_par' dir='ltr' id='par_1_1' title="bbox 314 189 1382 239">
     <span class='ocr_line' id='line_1_1' title="bbox 314 189 1382 239; baseline 0.008 -9"><span class='ocrx_word' id='word_1_1' title='bbox 314 189 1143 234; x_wconf 69' lang='lat' dir='ltr'>INTEXTUM.L113.111.</span> <span class='ocrx_word' id='word_1_2' title='bbox 1334 208 1382 239; x_wconf 70' lang='lat'>22</span> 
     </span>
    </p>
   </div>
   <div class='ocr_carea' id='block_1_2' title="bbox 48 254 1389 2756">
    <p class='ocr_par' dir='ltr' id='par_1_2' title="bbox 75 254 1386 364">
     <span class='ocr_line' id='line_1_2' title="bbox 77 254 1386 311; baseline 0.008 -16"><span class='ocrx_word' id='word_1_3' title='bbox 77 254 224 297; x_wconf 72' lang='lat' dir='ltr'>fultum</span> <span class='ocrx_word' id='word_1_4' title='bbox 244 258 292 296; x_wconf 92' lang='lat' dir='ltr'>ab</span> <span class='ocrx_word' id='word_1_5' title='bbox 318 258 488 296; x_wconf 83' lang='lat' dir='ltr'>incautis</span> <span class='ocrx_word' id='word_1_6' title='bbox 510 259 644 310; x_wconf 84' lang='lat' dir='ltr'>operis</span> <span class='ocrx_word' id='word_1_7' title='bbox 673 259 740 311; x_wconf 87' lang='lat' dir='ltr'>qui</span> <span class='ocrx_word' id='word_1_8' title='bbox 772 261 939 298; x_wconf 78' lang='lat' dir='ltr'>aetlzerioe</span> <span class='ocrx_word' id='word_1_9' title='bbox 971 275 992 301; x_wconf 89' lang='lat' dir='ltr'>e</span> <span class='ocrx_word' id='word_1_10' title='bbox 1026 263 1154 304; x_wconf 84' lang='lat' dir='ltr'>veteri</span> <span class='ocrx_word' id='word_1_11' title='bbox 1184 261 1290 303; x_wconf 87' lang='lat' dir='ltr'>libro</span> <span class='ocrx_word' id='word_1_12' title='bbox 1319 279 1386 306; x_wconf 85' lang='lat' dir='ltr'>re-</span> 
     </span>
     <span class='ocr_line' id='line_1_3' title="bbox 75 311 918 364; baseline 0.004 -14"><span class='ocrx_word' id='word_1_13' title='bbox 75 311 281 364; x_wconf 81' lang='lat' dir='ltr'>liquerunt</span> <span class='ocrx_word' id='word_1_14' title='bbox 295 341 304 357; x_wconf 88' lang='lat'><strong>,</strong></span> <span class='ocrx_word' id='word_1_15' title='bbox 335 324 398 350; x_wconf 88' lang='lat' dir='ltr'>me</span> <span class='ocrx_word' id='word_1_16' title='bbox 419 324 559 350; x_wconf 86' lang='lat' dir='ltr'>tamen</span> <span class='ocrx_word' id='word_1_17' title='bbox 579 313 637 351; x_wconf 84' lang='lat' dir='ltr'>bis</span> <span class='ocrx_word' id='word_1_18' title='bbox 660 313 918 353; x_wconf 76' lang='lat' dir='ltr'><strong>emendante.</strong></span> 
     </span>
    </p>

    <p class='ocr_par' dir='ltr' id='par_1_3' title="bbox 130 364 1382 424">
     <span class='ocr_line' id='line_1_4' title="bbox 130 364 1382 424; baseline 0.007 -21"><span class='ocrx_word' id='word_1_19' title='bbox 130 379 228 414; x_wconf 80' lang='lat'>495.</span> <span class='ocrx_word' id='word_1_20' title='bbox 265 364 446 417; x_wconf 73' lang='lat' dir='ltr'>Plzlegeo.</span> <span class='ocrx_word' id='word_1_21' title='bbox 477 366 525 403; x_wconf 90' lang='lat' dir='ltr'>C.</span> <span class='ocrx_word' id='word_1_22' title='bbox 557 367 649 405; x_wconf 81' lang='lat' dir='ltr'>Col.</span> <span class='ocrx_word' id='word_1_23' title='bbox 681 367 786 406; x_wconf 86' lang='lat' dir='ltr'>Vide</span> <span class='ocrx_word' id='word_1_24' title='bbox 813 382 948 408; x_wconf 87' lang='lat' dir='ltr'>meum</span> <span class='ocrx_word' id='word_1_25' title='bbox 974 368 1149 410; x_wconf 88' lang='lat' dir='ltr'>indicem</span> <span class='ocrx_word' id='word_1_26' title='bbox 1174 371 1382 424; x_wconf 75' lang='lat' dir='ltr'>gallicum.</span> 
     </span>
    </p>

    <p class='ocr_par' dir='ltr' id='par_1_4' title="bbox 125 419 1383 478">
     <span class='ocr_line' id='line_1_5' title="bbox 125 419 1383 478; baseline 0.007 -21"><span class='ocrx_word' id='word_1_27' title='bbox 125 434 221 468; x_wconf 80' lang='lat'>499.</span> <span class='ocrx_word' id='word_1_28' title='bbox 236 419 491 458; x_wconf 81' lang='lat' dir='ltr'>Intemerata.</span> <span class='ocrx_word' id='word_1_29' title='bbox 513 420 648 459; x_wconf 76' lang='lat' dir='ltr'>Vid.1.</span> <span class='ocrx_word' id='word_1_30' title='bbox 665 421 794 459; x_wconf 71' lang='lat' dir='ltr'><strong>XVII.</strong></span> <span class='ocrx_word' id='word_1_31' title='bbox 818 437 907 468; x_wconf 84' lang='lat'>500.</span> <span class='ocrx_word' id='word_1_32' title='bbox 927 427 965 463; x_wconf 67' lang='grc' dir='ltr'>ἅ·</span> <span class='ocrx_word' id='word_1_33' title='bbox 984 425 1130 464; x_wconf 88' lang='lat' dir='ltr'>Lucan.</span> <span class='ocrx_word' id='word_1_34' title='bbox 1152 427 1271 466; x_wconf 78' lang='lat' dir='ltr'><strong>LIII.</strong></span> <span class='ocrx_word' id='word_1_35' title='bbox 1292 442 1383 478; x_wconf 73' lang='lat'>194.</span> 
     </span>
    </p>

    <p class='ocr_par' dir='ltr' id='par_1_5' title="bbox 71 472 1383 581">
     <span class='ocr_line' id='line_1_6' title="bbox 132 472 1383 532; baseline 0.008 -21"><span class='ocrx_word' id='word_1_36' title='bbox 132 486 220 517; x_wconf 73' lang='lat'>522.</span> <span class='ocrx_word' id='word_1_37' title='bbox 255 472 448 512; x_wconf 77' lang='lat' dir='ltr'>Undanti.</span> <span class='ocrx_word' id='word_1_38' title='bbox 477 473 633 514; x_wconf 83' lang='lat' dir='ltr'>Confer</span> <span class='ocrx_word' id='word_1_39' title='bbox 657 475 826 515; x_wconf 85' lang='lat' dir='ltr'>Petron.</span> <span class='ocrx_word' id='word_1_40' title='bbox 855 476 906 518; x_wconf 88' lang='lat' dir='ltr'>de</span> <span class='ocrx_word' id='word_1_41' title='bbox 937 478 1047 519; x_wconf 86' lang='lat' dir='ltr'>bello</span> <span class='ocrx_word' id='word_1_42' title='bbox 1076 480 1216 528; x_wconf 80' lang='lat' dir='ltr'>civili,</span> <span class='ocrx_word' id='word_1_43' title='bbox 1247 482 1383 532; x_wconf 75' lang='lat' dir='ltr'>prima</span> 
     </span>
     <span class='ocr_line' id='line_1_7' title="bbox 71 526 534 581; baseline 0.004 -16"><span class='ocrx_word' id='word_1_44' title='bbox 71 526 222 580; x_wconf 71' lang='lat' dir='ltr'>quidem</span> <span class='ocrx_word' id='word_1_45' title='bbox 243 528 394 581; x_wconf 70' lang='lat' dir='ltr'>glacies</span> <span class='ocrx_word' id='word_1_46' title='bbox 410 559 425 576; x_wconf 87' lang='lat'><em>,</em></span> <span class='ocrx_word' id='word_1_47' title='bbox 459 531 534 568; x_wconf 65' lang='grc' dir='ltr'>δίε.</span> 
     </span>
    </p>

    <p class='ocr_par' dir='ltr' id='par_1_6' title="bbox 68 582 1382 853">
     <span class='ocr_line' id='line_1_8' title="bbox 127 582 1382 640; baseline 0.009 -20"><span class='ocrx_word' id='word_1_48' title='bbox 127 595 218 627; x_wconf 86' lang='lat'>529·</span> <span class='ocrx_word' id='word_1_49' title='bbox 245 582 440 633; x_wconf 81' lang='lat' dir='ltr'>Erepse&#39;re</span> <span class='ocrx_word' id='word_1_50' title='bbox 461 587 603 635; x_wconf 76' lang='lat' dir='ltr'>gradu.</span> <span class='ocrx_word' id='word_1_51' title='bbox 629 583 833 638; x_wconf 79' lang='lat' dir='ltr'>Graphice</span> <span class='ocrx_word' id='word_1_52' title='bbox 856 583 904 623; x_wconf 85' lang='lat' dir='ltr'>fic</span> <span class='ocrx_word' id='word_1_53' title='bbox 928 585 1129 637; x_wconf 80' lang='lat' dir='ltr'>Heynfius</span> <span class='ocrx_word' id='word_1_54' title='bbox 1147 617 1158 634; x_wconf 89' lang='lat'>‚</span> <span class='ocrx_word' id='word_1_55' title='bbox 1184 590 1382 640; x_wconf 77' lang='lat' dir='ltr'>probante</span> 
     </span>
     <span class='ocr_line' id='line_1_9' title="bbox 69 635 1378 695; baseline 0.007 -20"><span class='ocrx_word' id='word_1_56' title='bbox 69 635 199 675; x_wconf 90' lang='lat' dir='ltr'>Drak.</span> <span class='ocrx_word' id='word_1_57' title='bbox 228 637 322 676; x_wconf 89' lang='lat' dir='ltr'>Vid.</span> <span class='ocrx_word' id='word_1_58' title='bbox 353 638 377 675; x_wconf 89' lang='lat' dir='ltr'>l.</span> <span class='ocrx_word' id='word_1_59' title='bbox 402 637 473 675; x_wconf 87' lang='lat' dir='ltr'>IV.</span> <span class='ocrx_word' id='word_1_60' title='bbox 493 652 561 686; x_wconf 89' lang='lat'>40.</span> <span class='ocrx_word' id='word_1_61' title='bbox 590 638 651 677; x_wconf 90' lang='lat' dir='ltr'>Sic</span> <span class='ocrx_word' id='word_1_62' title='bbox 677 638 728 679; x_wconf 92' lang='lat' dir='ltr'>de</span> <span class='ocrx_word' id='word_1_63' title='bbox 753 639 836 678; x_wconf 86' lang='lat' dir='ltr'>sole</span> <span class='ocrx_word' id='word_1_64' title='bbox 861 642 1129 682; x_wconf 88' lang='lat' dir='ltr'>occumbente</span> <span class='ocrx_word' id='word_1_65' title='bbox 1148 645 1216 695; x_wconf 89' lang='lat' dir='ltr'>qui</span> <span class='ocrx_word' id='word_1_66' title='bbox 1239 646 1287 683; x_wconf 92' lang='lat' dir='ltr'>ab</span> <span class='ocrx_word' id='word_1_67' title='bbox 1312 646 1378 683; x_wconf 87' lang='lat' dir='ltr'>in-</span> 
     </span>
     <span class='ocr_line' id='line_1_10' title="bbox 69 688 1382 744; baseline 0.008 -16"><span class='ocrx_word' id='word_1_68' title='bbox 69 688 169 728; x_wconf 80' lang='lat' dir='ltr'>fimo</span> <span class='ocrx_word' id='word_1_69' title='bbox 188 704 327 731; x_wconf 89' lang='lat' dir='ltr'>monte</span> <span class='ocrx_word' id='word_1_70' title='bbox 344 690 395 730; x_wconf 93' lang='lat' dir='ltr'>ad</span> <span class='ocrx_word' id='word_1_71' title='bbox 413 692 614 730; x_wconf 87' lang='lat' dir='ltr'>summum</span> <span class='ocrx_word' id='word_1_72' title='bbox 634 706 822 732; x_wconf 86' lang='lat' dir='ltr'>cacumen</span> <span class='ocrx_word' id='word_1_73' title='bbox 842 709 993 744; x_wconf 82' lang='lat' dir='ltr'>erepere</span> <span class='ocrx_word' id='word_1_74' title='bbox 1013 696 1197 743; x_wconf 80' lang='lat' dir='ltr'>videtur,</span> <span class='ocrx_word' id='word_1_75' title='bbox 1219 697 1260 736; x_wconf 81' lang='lat' dir='ltr'>in</span> <span class='ocrx_word' id='word_1_76' title='bbox 1280 702 1382 742; x_wconf 83' lang='lat' dir='ltr'>Stat.</span> 
     </span>
     <span class='ocr_line' id='line_1_11' title="bbox 69 744 1381 805; baseline 0.009 -23"><span class='ocrx_word' id='word_1_77' title='bbox 69 744 200 783; x_wconf 87' lang='lat' dir='ltr'><strong>Theb.</strong></span> <span class='ocrx_word' id='word_1_78' title='bbox 222 745 314 784; x_wconf 85' lang='lat' dir='ltr'><strong>VII.</strong></span> <span class='ocrx_word' id='word_1_79' title='bbox 339 760 434 795; x_wconf 84' lang='lat'>451.</span> <span class='ocrx_word' id='word_1_80' title='bbox 467 764 540 781; x_wconf 79' lang='lat' dir='ltr'>——ce</span> <span class='ocrx_word' id='word_1_81' title='bbox 553 747 699 787; x_wconf 85' lang='lat' dir='ltr'>Donec</span> <span class='ocrx_word' id='word_1_82' title='bbox 717 747 776 787; x_wconf 91' lang='lat' dir='ltr'>sol</span> <span class='ocrx_word' id='word_1_83' title='bbox 798 749 1004 788; x_wconf 87' lang='lat' dir='ltr'>montibus</span> <span class='ocrx_word' id='word_1_84' title='bbox 1025 751 1158 789; x_wconf 86' lang='lat' dir='ltr'>omnis</span> <span class='ocrx_word' id='word_1_85' title='bbox 1175 752 1315 805; x_wconf 84' lang='lat' dir='ltr'>erepfit</span> <span class='ocrx_word' id='word_1_86' title='bbox 1332 773 1381 794; x_wconf 70' lang='lat'>22.</span> 
     </span>
     <span class='ocr_line' id='line_1_12' title="bbox 68 797 1105 853; baseline 0.003 -15"><span class='ocrx_word' id='word_1_87' title='bbox 68 797 178 838; x_wconf 81' lang='lat' dir='ltr'>Aliis</span> <span class='ocrx_word' id='word_1_88' title='bbox 204 799 361 839; x_wconf 54' lang='lat' dir='ltr'>erexere</span> <span class='ocrx_word' id='word_1_89' title='bbox 391 805 576 853; x_wconf 78' lang='lat' dir='ltr'>gradum.</span> <span class='ocrx_word' id='word_1_90' title='bbox 1101 828 1105 831; x_wconf 29' lang='grc' dir='ltr'><strong>Δ</strong></span> 
     </span>
    </p>

    <p class='ocr_par' dir='ltr' id='par_1_7' title="bbox 66 854 1380 962">
     <span class='ocr_line' id='line_1_13' title="bbox 125 854 1380 913; baseline 0.006 -20"><span class='ocrx_word' id='word_1_91' title='bbox 125 866 215 902; x_wconf 85' lang='lat'>534.</span> <span class='ocrx_word' id='word_1_92' title='bbox 242 854 495 894; x_wconf 82' lang='lat' dir='ltr'><strong><em>Promittere.</em></strong></span> <span class='ocrx_word' id='word_1_93' title='bbox 523 857 648 896; x_wconf 73' lang='grc' dir='ltr'>Κεᾶε</span> <span class='ocrx_word' id='word_1_94' title='bbox 672 869 705 895; x_wconf 92' lang='lat' dir='ltr'>c.</span> <span class='ocrx_word' id='word_1_95' title='bbox 735 855 825 895; x_wconf 89' lang='lat' dir='ltr'>Col.</span> <span class='ocrx_word' id='word_1_96' title='bbox 853 869 973 910; x_wconf 87' lang='lat' dir='ltr'>quem</span> <span class='ocrx_word' id='word_1_97' title='bbox 1006 858 1166 898; x_wconf 79' lang='lat' dir='ltr'>incaute</span> <span class='ocrx_word' id='word_1_98' title='bbox 1196 859 1380 913; x_wconf 78' lang='lat' dir='ltr'>neglexit</span> 
     </span>
     <span class='ocr_line' id='line_1_14' title="bbox 66 904 635 962; baseline 0.011 -18"><span class='ocrx_word' id='word_1_99' title='bbox 66 904 198 946; x_wconf 77' lang='lat' dir='ltr'>Drak.</span> <span class='ocrx_word' id='word_1_100' title='bbox 223 909 265 947; x_wconf 89' lang='lat' dir='ltr'>in</span> <span class='ocrx_word' id='word_1_101' title='bbox 291 922 373 962; x_wconf 84' lang='lat' dir='ltr'>quo</span> <span class='ocrx_word' id='word_1_102' title='bbox 396 909 635 959; x_wconf 77' lang='lat' dir='ltr'>permittere.</span> 
     </span>
    </p>

    <p class='ocr_par' dir='ltr' id='par_1_8' title="bbox 121 963 1382 1023">
     <span class='ocr_line' id='line_1_15' title="bbox 121 963 1382 1023; baseline 0.007 -23"><span class='ocrx_word' id='word_1_103' title='bbox 121 969 213 1010; x_wconf 83' lang='lat'>556.</span> <span class='ocrx_word' id='word_1_104' title='bbox 243 963 472 1014; x_wconf 81' lang='lat' dir='ltr'>Proruptis.</span> <span class='ocrx_word' id='word_1_105' title='bbox 498 964 608 1004; x_wconf 86' lang='lat' dir='ltr'>Aliis</span> <span class='ocrx_word' id='word_1_106' title='bbox 621 965 848 1016; x_wconf 65' lang='lat' dir='ltr'>praeruptis.</span> <span class='ocrx_word' id='word_1_107' title='bbox 880 963 1169 1018; x_wconf 82' lang='lat' dir='ltr'>Utrumquein</span> <span class='ocrx_word' id='word_1_108' title='bbox 1184 968 1382 1023; x_wconf 72' lang='lat' dir='ltr'><strong>antiquis.</strong></span> 
     </span>
    </p>

    <p class='ocr_par' dir='ltr' id='par_1_9' title="bbox 125 1017 1187 1072">
     <span class='ocr_line' id='line_1_16' title="bbox 125 1017 1187 1072; baseline 0.005 -16"><span class='ocrx_word' id='word_1_109' title='bbox 125 1029 215 1065; x_wconf 84' lang='lat'>557.</span> <span class='ocrx_word' id='word_1_110' title='bbox 240 1017 304 1056; x_wconf 83' lang='lat' dir='ltr'>At</span> <span class='ocrx_word' id='word_1_111' title='bbox 338 1017 486 1060; x_wconf 77' lang='lat' dir='ltr'>Venus.</span> <span class='ocrx_word' id='word_1_112' title='bbox 512 1019 663 1058; x_wconf 83' lang='lat' dir='ltr'>Imitat.</span> <span class='ocrx_word' id='word_1_113' title='bbox 688 1020 832 1072; x_wconf 77' lang='lat' dir='ltr'>virgil.</span> <span class='ocrx_word' id='word_1_114' title='bbox 857 1018 887 1056; x_wconf 91' lang='lat' dir='ltr'>I.</span> <span class='ocrx_word' id='word_1_115' title='bbox 920 1032 1011 1064; x_wconf 84' lang='lat'><strong>232.</strong></span> <span class='ocrx_word' id='word_1_116' title='bbox 1043 1022 1093 1060; x_wconf 89' lang='lat' dir='ltr'>X.</span> <span class='ocrx_word' id='word_1_117' title='bbox 1126 1029 1187 1062; x_wconf 90' lang='lat'>16.</span> 
     </span>
    </p>

    <p class='ocr_par' dir='ltr' id='par_1_10' title="bbox 124 1072 1094 1124">
     <span class='ocr_line' id='line_1_17' title="bbox 124 1072 1094 1124; baseline 0.008 -16"><span class='ocrx_word' id='word_1_118' title='bbox 124 1078 214 1119; x_wconf 85' lang='lat'>560.</span> <span class='ocrx_word' id='word_1_119' title='bbox 245 1072 476 1123; x_wconf 75' lang='lat' dir='ltr'><em>Ecquando.</em></span> <span class='ocrx_word' id='word_1_120' title='bbox 501 1073 716 1124; x_wconf 74' lang='lat' dir='ltr'>Heynfius.</span> <span class='ocrx_word' id='word_1_121' title='bbox 749 1073 839 1112; x_wconf 82' lang='lat' dir='ltr'>Alii</span> <span class='ocrx_word' id='word_1_122' title='bbox 864 1074 899 1111; x_wconf 70' lang='grc' dir='ltr'><strong>ἃ</strong></span> <span class='ocrx_word' id='word_1_123' title='bbox 926 1080 1094 1124; x_wconf 80' lang='lat' dir='ltr'>quando.</span> 
     </span>
    </p>

    <p class='ocr_par' dir='ltr' id='par_1_11' title="bbox 123 1126 984 1178">
     <span class='ocr_line' id='line_1_18' title="bbox 123 1126 984 1178; baseline 0.001 -12"><span class='ocrx_word' id='word_1_124' title='bbox 123 1132 212 1174; x_wconf 85' lang='lat'>569-</span> <span class='ocrx_word' id='word_1_125' title='bbox 243 1126 497 1178; x_wconf 79' lang='lat' dir='ltr'>Repetentur.</span> <span class='ocrx_word' id='word_1_126' title='bbox 524 1127 570 1165; x_wconf 88' lang='lat' dir='ltr'>In</span> <span class='ocrx_word' id='word_1_127' title='bbox 598 1129 650 1168; x_wconf 91' lang='lat' dir='ltr'>R.</span> <span class='ocrx_word' id='word_1_128' title='bbox 681 1142 717 1167; x_wconf 89' lang='lat'>2.</span> <span class='ocrx_word' id='word_1_129' title='bbox 747 1139 984 1178; x_wconf 77' lang='lat' dir='ltr'>repetuntur.</span> 
     </span>
    </p>

    <p class='ocr_par' dir='ltr' id='par_1_12' title="bbox 61 1182 1376 1343">
     <span class='ocr_line' id='line_1_19' title="bbox 125 1182 1376 1236; baseline 0.005 -18"><span class='ocrx_word' id='word_1_130' title='bbox 125 1192 213 1228; x_wconf 78' lang='lat'>570.</span> <span class='ocrx_word' id='word_1_131' title='bbox 241 1183 303 1220; x_wconf 76' lang='lat' dir='ltr'>At</span> <span class='ocrx_word' id='word_1_132' title='bbox 328 1193 479 1222; x_wconf 80' lang='lat' dir='ltr'>contra.</span> <span class='ocrx_word' id='word_1_133' title='bbox 503 1182 650 1234; x_wconf 74' lang='lat' dir='ltr'>vit-gil.</span> <span class='ocrx_word' id='word_1_134' title='bbox 674 1183 720 1220; x_wconf 83' lang='lat' dir='ltr'>X.</span> <span class='ocrx_word' id='word_1_135' title='bbox 754 1191 814 1221; x_wconf 85' lang='lat'>16.</span> <span class='ocrx_word' id='word_1_136' title='bbox 846 1182 943 1230; x_wconf 81' lang='lat' dir='ltr'>At,</span> <span class='ocrx_word' id='word_1_137' title='bbox 980 1183 1014 1221; x_wconf 73' lang='grc' dir='ltr'>δ’</span> <span class='ocrx_word' id='word_1_138' title='bbox 1032 1213 1048 1231; x_wconf 81' lang='lat'><em>,</em></span> <span class='ocrx_word' id='word_1_139' title='bbox 1082 1183 1283 1236; x_wconf 77' lang='lat' dir='ltr'>saepiffime</span> <span class='ocrx_word' id='word_1_140' title='bbox 1311 1185 1376 1226; x_wconf 78' lang='lat' dir='ltr'>al·</span> 
     </span>
     <span class='ocr_line' id='line_1_20' title="bbox 65 1235 1375 1290; baseline 0.008 -20"><span class='ocrx_word' id='word_1_141' title='bbox 65 1244 252 1281; x_wconf 79' lang='lat' dir='ltr'>ternant3</span> <span class='ocrx_word' id='word_1_142' title='bbox 282 1235 350 1274; x_wconf 87' lang='lat' dir='ltr'>sed</span> <span class='ocrx_word' id='word_1_143' title='bbox 373 1237 509 1288; x_wconf 62' lang='lat' dir='ltr'>saepius</span> <span class='ocrx_word' id='word_1_144' title='bbox 529 1237 564 1275; x_wconf 65' lang='grc' dir='ltr'>δ’</span> <span class='ocrx_word' id='word_1_145' title='bbox 586 1249 661 1288; x_wconf 85' lang='lat' dir='ltr'>pro</span> <span class='ocrx_word' id='word_1_146' title='bbox 686 1247 728 1277; x_wconf 80' lang='lat' dir='ltr'>at</span> <span class='ocrx_word' id='word_1_147' title='bbox 746 1267 756 1284; x_wconf 86' lang='lat'>,</span> <span class='ocrx_word' id='word_1_148' title='bbox 784 1237 902 1290; x_wconf 76' lang='lat' dir='ltr'>quam</span> <span class='ocrx_word' id='word_1_149' title='bbox 930 1248 973 1278; x_wconf 80' lang='lat' dir='ltr'>at</span> <span class='ocrx_word' id='word_1_150' title='bbox 996 1250 1070 1290; x_wconf 84' lang='lat' dir='ltr'>pro</span> <span class='ocrx_word' id='word_1_151' title='bbox 1092 1239 1125 1276; x_wconf 70' lang='grc' dir='ltr'>δ’</span> <span class='ocrx_word' id='word_1_152' title='bbox 1149 1239 1375 1281; x_wconf 87' lang='lat' dir='ltr'>invenitur.</span> 
     </span>
     <span class='ocr_line' id='line_1_21' title="bbox 61 1285 569 1343; baseline 0.006 -18"><span class='ocrx_word' id='word_1_153' title='bbox 61 1285 218 1327; x_wconf 85' lang='lat' dir='ltr'>Imitat.</span> <span class='ocrx_word' id='word_1_154' title='bbox 244 1289 386 1343; x_wconf 84' lang='lat' dir='ltr'>Virgil.</span> <span class='ocrx_word' id='word_1_155' title='bbox 414 1291 445 1329; x_wconf 95' lang='lat'>1.</span> <span class='ocrx_word' id='word_1_156' title='bbox 478 1297 569 1328; x_wconf 86' lang='lat'><strong>260.</strong></span> 
     </span>
    </p>

    <p class='ocr_par' dir='ltr' id='par_1_13' title="bbox 61 1343 1389 1504">
     <span class='ocr_line' id='line_1_22' title="bbox 129 1343 1375 1397; baseline 0.006 -15"><span class='ocrx_word' id='word_1_157' title='bbox 129 1357 216 1392; x_wconf 85' lang='lat'>571.</span> <span class='ocrx_word' id='word_1_158' title='bbox 246 1343 322 1383; x_wconf 79' lang='lat' dir='ltr'>Ne.</span> <span class='ocrx_word' id='word_1_159' title='bbox 351 1344 460 1383; x_wconf 85' lang='lat' dir='ltr'>Aliis</span> <span class='ocrx_word' id='word_1_160' title='bbox 485 1359 556 1383; x_wconf 77' lang='lat' dir='ltr'>neu</span> <span class='ocrx_word' id='word_1_161' title='bbox 572 1359 592 1392; x_wconf 90' lang='lat'>,·</span> <span class='ocrx_word' id='word_1_162' title='bbox 622 1343 690 1384; x_wconf 90' lang='lat' dir='ltr'>sed</span> <span class='ocrx_word' id='word_1_163' title='bbox 717 1359 789 1383; x_wconf 83' lang='lat' dir='ltr'>neu</span> <span class='ocrx_word' id='word_1_164' title='bbox 815 1344 869 1383; x_wconf 85' lang='lat' dir='ltr'>est</span> <span class='ocrx_word' id='word_1_165' title='bbox 895 1358 969 1397; x_wconf 83' lang='lat' dir='ltr'>pro</span> <span class='ocrx_word' id='word_1_166' title='bbox 998 1361 1092 1386; x_wconf 79' lang='lat' dir='ltr'>neve</span> <span class='ocrx_word' id='word_1_167' title='bbox 1123 1362 1135 1385; x_wconf 85' lang='grc'>.·</span> <span class='ocrx_word' id='word_1_168' title='bbox 1169 1348 1247 1395; x_wconf 72' lang='lat' dir='ltr'>iam</span> <span class='ocrx_word' id='word_1_169' title='bbox 1278 1362 1375 1390; x_wconf 75' lang='lat' dir='ltr'>neve</span> 
     </span>
     <span class='ocr_line' id='line_1_23' title="bbox 61 1397 1389 1455; baseline 0.007 -20"><span class='ocrx_word' id='word_1_170' title='bbox 61 1410 268 1449; x_wconf 80' lang='lat' dir='ltr'>nunquam</span> <span class='ocrx_word' id='word_1_171' title='bbox 293 1397 475 1439; x_wconf 78' lang='lat' dir='ltr'>scribitur</span> <span class='ocrx_word' id='word_1_172' title='bbox 497 1398 568 1438; x_wconf 83' lang='lat' dir='ltr'>nisi</span> <span class='ocrx_word' id='word_1_173' title='bbox 587 1399 674 1452; x_wconf 88' lang='lat' dir='ltr'>post</span> <span class='ocrx_word' id='word_1_174' title='bbox 695 1414 740 1439; x_wconf 82' lang='lat' dir='ltr'>ne</span> <span class='ocrx_word' id='word_1_175' title='bbox 760 1400 1018 1441; x_wconf 82' lang='lat' dir='ltr'>antecedens.</span> <span class='ocrx_word' id='word_1_176' title='bbox 1040 1401 1104 1440; x_wconf 89' lang='lat' dir='ltr'>Sic</span> <span class='ocrx_word' id='word_1_177' title='bbox 1124 1401 1153 1441; x_wconf 83' lang='lat'>1.</span> <span class='ocrx_word' id='word_1_178' title='bbox 1179 1402 1249 1442; x_wconf 93' lang='lat' dir='ltr'>VI.</span> <span class='ocrx_word' id='word_1_179' title='bbox 1283 1411 1389 1455; x_wconf 84' lang='lat'>585.-</span> 
     </span>
     <span class='ocr_line' id='line_1_24' title="bbox 61 1452 411 1504; baseline -0.003 -12"><span class='ocrx_word' id='word_1_180' title='bbox 61 1455 103 1492; x_wconf 91' lang='lat'>&amp;</span> <span class='ocrx_word' id='word_1_181' title='bbox 126 1452 183 1491; x_wconf 78' lang='lat' dir='ltr'>ita</span> <span class='ocrx_word' id='word_1_182' title='bbox 203 1452 411 1504; x_wconf 83' lang='lat' dir='ltr'><strong>Virgilius.</strong></span> 
     </span>
    </p>

    <p class='ocr_par' dir='ltr' id='par_1_14' title="bbox 55 1506 1375 1773">
     <span class='ocr_line' id='line_1_25' title="bbox 124 1506 1374 1560; baseline 0.006 -17"><span class='ocrx_word' id='word_1_183' title='bbox 124 1519 211 1554; x_wconf 84' lang='lat'>591.</span> <span class='ocrx_word' id='word_1_184' title='bbox 245 1506 472 1560; x_wconf 79' lang='lat' dir='ltr'>Revulsum.</span> <span class='ocrx_word' id='word_1_185' title='bbox 505 1506 722 1558; x_wconf 78' lang='lat' dir='ltr'>Heynfius.</span> <span class='ocrx_word' id='word_1_186' title='bbox 765 1507 813 1546; x_wconf 89' lang='lat' dir='ltr'>In</span> <span class='ocrx_word' id='word_1_187' title='bbox 849 1507 971 1547; x_wconf 84' lang='lat' dir='ltr'>Livio</span> <span class='ocrx_word' id='word_1_188' title='bbox 1008 1514 1062 1549; x_wconf 82' lang='lat' dir='ltr'>ad</span> <span class='ocrx_word' id='word_1_189' title='bbox 1093 1513 1374 1550; x_wconf 77' lang='lat' dir='ltr'>detrahendum</span> 
     </span>
     <span class='ocr_line' id='line_1_26' title="bbox 59 1560 1375 1615; baseline 0.004 -15"><span class='ocrx_word' id='word_1_190' title='bbox 59 1560 327 1601; x_wconf 78' lang='lat' dir='ltr'>Hannibalem</span> <span class='ocrx_word' id='word_1_191' title='bbox 344 1593 354 1610; x_wconf 92' lang='lat'>,</span> <span class='ocrx_word' id='word_1_192' title='bbox 389 1563 415 1600; x_wconf 86' lang='lat'>1.</span> <span class='ocrx_word' id='word_1_193' title='bbox 441 1560 587 1600; x_wconf 87' lang='lat' dir='ltr'><strong>XXIX.</strong></span> <span class='ocrx_word' id='word_1_194' title='bbox 613 1577 647 1602; x_wconf 89' lang='lat' dir='ltr'>c.</span> <span class='ocrx_word' id='word_1_195' title='bbox 673 1570 736 1604; x_wconf 81' lang='lat'>26.</span> <span class='ocrx_word' id='word_1_196' title='bbox 759 1563 869 1602; x_wconf 85' lang='lat' dir='ltr'>Flor.</span> <span class='ocrx_word' id='word_1_197' title='bbox 893 1563 918 1601; x_wconf 86' lang='lat'>1.</span> <span class='ocrx_word' id='word_1_198' title='bbox 938 1562 990 1600; x_wconf 80' lang='grc' dir='ltr'>ΙΙ.</span> <span class='ocrx_word' id='word_1_199' title='bbox 1009 1578 1042 1603; x_wconf 90' lang='lat' dir='ltr'>c.</span> <span class='ocrx_word' id='word_1_200' title='bbox 1070 1572 1107 1604; x_wconf 79' lang='lat'>6.</span> <span class='ocrx_word' id='word_1_201' title='bbox 1126 1576 1375 1615; x_wconf 76' lang='lat' dir='ltr'>extorqueret</span> 
     </span>
     <span class='ocr_line' id='line_1_27' title="bbox 55 1615 1372 1671; baseline 0.001 -15"><span class='ocrx_word' id='word_1_202' title='bbox 55 1615 340 1656; x_wconf 79' lang='lat' dir='ltr'>Hannibalem.</span> <span class='ocrx_word' id='word_1_203' title='bbox 368 1617 431 1656; x_wconf 84' lang='lat' dir='ltr'>Sic</span> <span class='ocrx_word' id='word_1_204' title='bbox 452 1616 521 1656; x_wconf 86' lang='lat' dir='ltr'>Sil.</span> <span class='ocrx_word' id='word_1_205' title='bbox 546 1617 572 1654; x_wconf 87' lang='lat' dir='ltr'>l.</span> <span class='ocrx_word' id='word_1_206' title='bbox 597 1617 690 1656; x_wconf 85' lang='lat' dir='ltr'><strong>VII.</strong></span> <span class='ocrx_word' id='word_1_207' title='bbox 713 1619 804 1666; x_wconf 78' lang='lat'><strong>489.</strong></span> <span class='ocrx_word' id='word_1_208' title='bbox 829 1617 988 1658; x_wconf 82' lang='lat' dir='ltr'>avellet.</span> <span class='ocrx_word' id='word_1_209' title='bbox 1014 1619 1123 1657; x_wconf 83' lang='lat' dir='ltr'>Aliis</span> <span class='ocrx_word' id='word_1_210' title='bbox 1143 1619 1372 1671; x_wconf 47' lang='lat' dir='ltr'>repugfimq</span> 
     </span>
     <span class='ocr_line' id='line_1_28' title="bbox 59 1670 1368 1727; baseline 0.005 -19"><span class='ocrx_word' id='word_1_211' title='bbox 59 1684 148 1709; x_wconf 89' lang='lat' dir='ltr'>tum</span> <span class='ocrx_word' id='word_1_212' title='bbox 179 1671 306 1710; x_wconf 86' lang='lat' dir='ltr'>sensus</span> <span class='ocrx_word' id='word_1_213' title='bbox 328 1683 350 1710; x_wconf 91' lang='lat' dir='ltr'>e</span> <span class='ocrx_word' id='word_1_214' title='bbox 375 1671 593 1722; x_wconf 83' lang='lat' dir='ltr'>Propertio</span> <span class='ocrx_word' id='word_1_215' title='bbox 619 1670 814 1724; x_wconf 87' lang='lat' dir='ltr'>petendus</span> <span class='ocrx_word' id='word_1_216' title='bbox 834 1702 845 1719; x_wconf 92' lang='lat'>,</span> <span class='ocrx_word' id='word_1_217' title='bbox 871 1672 897 1711; x_wconf 84' lang='lat' dir='ltr'>l.</span> <span class='ocrx_word' id='word_1_218' title='bbox 925 1671 1002 1710; x_wconf 90' lang='lat'>111.</span> <span class='ocrx_word' id='word_1_219' title='bbox 1029 1674 1139 1727; x_wconf 86' lang='lat' dir='ltr'>Eleg.</span> <span class='ocrx_word' id='word_1_220' title='bbox 1169 1687 1205 1712; x_wconf 89' lang='lat'>2.</span> <span class='ocrx_word' id='word_1_221' title='bbox 1234 1688 1271 1713; x_wconf 90' lang='lat' dir='ltr'>v.</span> <span class='ocrx_word' id='word_1_222' title='bbox 1307 1688 1368 1715; x_wconf 85' lang='lat'>11.</span> 
     </span>
     <span class='ocr_line' id='line_1_29' title="bbox 58 1724 522 1773; baseline -0.011 -6"><span class='ocrx_word' id='word_1_223' title='bbox 58 1729 99 1767; x_wconf 63' lang='lat' dir='ltr'>Sc</span> <span class='ocrx_word' id='word_1_224' title='bbox 123 1724 191 1764; x_wconf 86' lang='lat' dir='ltr'>Sil.</span> <span class='ocrx_word' id='word_1_225' title='bbox 221 1725 248 1764; x_wconf 88' lang='lat'>1.</span> <span class='ocrx_word' id='word_1_226' title='bbox 272 1724 405 1764; x_wconf 86' lang='lat' dir='ltr'><strong>XVII.</strong></span> <span class='ocrx_word' id='word_1_227' title='bbox 433 1732 522 1773; x_wconf 84' lang='lat'>165.</span> 
     </span>
    </p>

    <p class='ocr_par' dir='ltr' id='par_1_15' title="bbox 55 1777 1368 1887">
     <span class='ocr_line' id='line_1_30' title="bbox 118 1777 1368 1834; baseline 0.005 -17"><span class='ocrx_word' id='word_1_228' title='bbox 118 1794 206 1829; x_wconf 78' lang='lat'>595·</span> <span class='ocrx_word' id='word_1_229' title='bbox 230 1778 401 1831; x_wconf 84' lang='lat' dir='ltr'>Exseret</span> <span class='ocrx_word' id='word_1_230' title='bbox 431 1779 481 1818; x_wconf 88' lang='lat' dir='ltr'>C.</span> <span class='ocrx_word' id='word_1_231' title='bbox 505 1777 598 1818; x_wconf 90' lang='lat' dir='ltr'>Col.</span> <span class='ocrx_word' id='word_1_232' title='bbox 626 1780 678 1820; x_wconf 89' lang='lat' dir='ltr'>R.</span> <span class='ocrx_word' id='word_1_233' title='bbox 700 1777 883 1831; x_wconf 79' lang='lat' dir='ltr'>Heynfii.</span> <span class='ocrx_word' id='word_1_234' title='bbox 909 1777 1124 1834; x_wconf 79' lang='lat' dir='ltr'>Optimam</span> <span class='ocrx_word' id='word_1_235' title='bbox 1148 1779 1368 1824; x_wconf 72' lang='lat' dir='ltr'>lectionem</span> 
     </span>
     <span class='ocr_line' id='line_1_31' title="bbox 55 1832 1149 1887; baseline 0.001 -15"><span class='ocrx_word' id='word_1_236' title='bbox 55 1832 217 1874; x_wconf 78' lang='lat' dir='ltr'>incaute</span> <span class='ocrx_word' id='word_1_237' title='bbox 239 1832 422 1886; x_wconf 83' lang='lat' dir='ltr'>neglexit</span> <span class='ocrx_word' id='word_1_238' title='bbox 446 1833 573 1873; x_wconf 87' lang='lat' dir='ltr'>Drak.</span> <span class='ocrx_word' id='word_1_239' title='bbox 603 1833 671 1885; x_wconf 89' lang='lat' dir='ltr'>qui</span> <span class='ocrx_word' id='word_1_240' title='bbox 697 1832 826 1887; x_wconf 68' lang='lat' dir='ltr'>ffret</span> <span class='ocrx_word' id='word_1_241' title='bbox 853 1833 962 1881; x_wconf 89' lang='lat' dir='ltr'>edit,</span> <span class='ocrx_word' id='word_1_242' title='bbox 997 1847 1040 1873; x_wconf 91' lang='lat' dir='ltr'>ut</span> <span class='ocrx_word' id='word_1_243' title='bbox 1064 1834 1149 1873; x_wconf 86' lang='lat' dir='ltr'>alii.</span> 
     </span>
    </p>

    <p class='ocr_par' dir='ltr' id='par_1_16' title="bbox 55 1886 1372 1983">
     <span class='ocr_line' id='line_1_32' title="bbox 111 1886 1372 1942; baseline 0.003 -15"><span class='ocrx_word' id='word_1_244' title='bbox 111 1894 205 1937; x_wconf 74' lang='lat'>‹596-</span> <span class='ocrx_word' id='word_1_245' title='bbox 218 1886 380 1928; x_wconf 79' lang='lat' dir='ltr'>Sabino.</span> <span class='ocrx_word' id='word_1_246' title='bbox 399 1887 464 1927; x_wconf 86' lang='lat' dir='ltr'>De</span> <span class='ocrx_word' id='word_1_247' title='bbox 482 1886 720 1939; x_wconf 80' lang='lat' dir='ltr'>Vespafiano</span> <span class='ocrx_word' id='word_1_248' title='bbox 737 1888 885 1939; x_wconf 88' lang='lat' dir='ltr'>accipe.</span> <span class='ocrx_word' id='word_1_249' title='bbox 899 1888 1039 1927; x_wconf 85' lang='lat' dir='ltr'>Scribo</span> <span class='ocrx_word' id='word_1_250' title='bbox 1055 1889 1229 1942; x_wconf 80' lang='lat' dir='ltr'>bacifero</span> <span class='ocrx_word' id='word_1_251' title='bbox 1246 1922 1256 1939; x_wconf 85' lang='lat'>,</span> <span class='ocrx_word' id='word_1_252' title='bbox 1281 1904 1372 1940; x_wconf 64' lang='lat' dir='ltr'>non</span> 
     </span>
     <span class='ocr_line' id='line_1_33' title="bbox 55 1942 268 1983; baseline -0.005 0"><span class='ocrx_word' id='word_1_253' title='bbox 55 1942 166 1983; x_wconf 60' lang='lat' dir='ltr'>bacci</span> <span class='ocrx_word' id='word_1_254' title='bbox 188 1956 268 1983; x_wconf 86' lang='lat' dir='ltr'>ero.</span> 
     </span>
    </p>

    <p class='ocr_par' dir='ltr' id='par_1_17' title="bbox 116 1944 1271 2050">
     <span class='ocr_line' id='line_1_34' title="bbox 116 1944 1271 2050; baseline 0.004 -14"><span class='ocrx_word' id='word_1_255' title='bbox 116 2012 130 2047; x_wconf 84' lang='lat'><em>5</em></span> <span class='ocrx_word' id='word_1_256' title='bbox 139 1944 203 2047; x_wconf 53' lang='grc' dir='ltr'>ἐξ.</span> <span class='ocrx_word' id='word_1_257' title='bbox 229 1999 362 2037; x_wconf 84' lang='lat' dir='ltr'>Pater.</span> <span class='ocrx_word' id='word_1_258' title='bbox 389 1995 457 2036; x_wconf 90' lang='lat' dir='ltr'>De</span> <span class='ocrx_word' id='word_1_259' title='bbox 481 1993 615 2034; x_wconf 85' lang='lat' dir='ltr'>Marte</span> <span class='ocrx_word' id='word_1_260' title='bbox 637 1994 700 2034; x_wconf 84' lang='lat' dir='ltr'>vel</span> <span class='ocrx_word' id='word_1_261' title='bbox 727 1994 913 2036; x_wconf 82' lang='lat' dir='ltr'>Romulo</span> <span class='ocrx_word' id='word_1_262' title='bbox 935 2010 950 2045; x_wconf 78' lang='lat'>3</span> <span class='ocrx_word' id='word_1_263' title='bbox 979 1995 1089 2050; x_wconf 80' lang='lat' dir='ltr'>ptius</span> <span class='ocrx_word' id='word_1_264' title='bbox 1113 1998 1271 2041; x_wconf 85' lang='lat' dir='ltr'>malim.</span> 
     </span>
    </p>

    <p class='ocr_par' dir='ltr' id='par_1_18' title="bbox 108 2049 633 2102">
     <span class='ocr_line' id='line_1_35' title="bbox 108 2049 633 2102; baseline -0.008 -9"><span class='ocrx_word' id='word_1_265' title='bbox 108 2059 198 2102; x_wconf 83' lang='lat'>603.</span> <span class='ocrx_word' id='word_1_266' title='bbox 223 2050 399 2094; x_wconf 77' lang='lat' dir='ltr'>Iuvenis.</span> <span class='ocrx_word' id='word_1_267' title='bbox 430 2049 497 2089; x_wconf 87' lang='lat' dir='ltr'>De</span> <span class='ocrx_word' id='word_1_268' title='bbox 519 2049 633 2089; x_wconf 90' lang='lat' dir='ltr'>Tito.</span> 
     </span>
    </p>

    <p class='ocr_par' dir='ltr' id='par_1_19' title="bbox 108 2101 860 2156">
     <span class='ocr_line' id='line_1_36' title="bbox 108 2101 860 2156; baseline -0.008 -9"><span class='ocrx_word' id='word_1_269' title='bbox 108 2113 203 2156; x_wconf 83' lang='lat'>607.</span> <span class='ocrx_word' id='word_1_270' title='bbox 235 2103 479 2146; x_wconf 83' lang='lat' dir='ltr'>Germanice.</span> <span class='ocrx_word' id='word_1_271' title='bbox 506 2103 573 2143; x_wconf 92' lang='lat' dir='ltr'>De</span> <span class='ocrx_word' id='word_1_272' title='bbox 597 2101 860 2143; x_wconf 84' lang='lat' dir='ltr'>Domitiano.</span> 
     </span>
    </p>

    <p class='ocr_par' dir='ltr' id='par_1_20' title="bbox 49 2157 1371 2378">
     <span class='ocr_line' id='line_1_37' title="bbox 111 2157 1368 2213; baseline 0.003 -13"><span class='ocrx_word' id='word_1_273' title='bbox 111 2164 202 2200; x_wconf 78' lang='lat'>608.</span> <span class='ocrx_word' id='word_1_274' title='bbox 235 2162 406 2202; x_wconf 82' lang='lat' dir='ltr'>Batavo.</span> <span class='ocrx_word' id='word_1_275' title='bbox 435 2159 563 2200; x_wconf 88' lang='lat' dir='ltr'>Drak.</span> <span class='ocrx_word' id='word_1_276' title='bbox 587 2158 635 2198; x_wconf 90' lang='lat' dir='ltr'>In</span> <span class='ocrx_word' id='word_1_277' title='bbox 660 2159 712 2202; x_wconf 83' lang='lat' dir='ltr'>R.</span> <span class='ocrx_word' id='word_1_278' title='bbox 739 2171 775 2197; x_wconf 88' lang='lat'>2.</span> <span class='ocrx_word' id='word_1_279' title='bbox 803 2159 974 2198; x_wconf 80' lang='lat' dir='ltr'>Batauo.</span> <span class='ocrx_word' id='word_1_280' title='bbox 1000 2157 1111 2200; x_wconf 78' lang='lat' dir='ltr'>Aliis</span> <span class='ocrx_word' id='word_1_281' title='bbox 1136 2159 1368 2213; x_wconf 79' lang='lat' dir='ltr'>Britanno;</span> 
     </span>
     <span class='ocr_line' id='line_1_38' title="bbox 53 2213 1370 2265; baseline 0.003 -10"><span class='ocrx_word' id='word_1_282' title='bbox 53 2218 95 2255; x_wconf 88' lang='lat'>&amp;</span> <span class='ocrx_word' id='word_1_283' title='bbox 118 2214 168 2255; x_wconf 84' lang='lat' dir='ltr'>fic</span> <span class='ocrx_word' id='word_1_284' title='bbox 194 2215 411 2256; x_wconf 87' lang='lat' dir='ltr'>Petrarcha</span> <span class='ocrx_word' id='word_1_285' title='bbox 442 2213 512 2265; x_wconf 84' lang='lat' dir='ltr'>qui</span> <span class='ocrx_word' id='word_1_286' title='bbox 543 2214 650 2253; x_wconf 84' lang='lat' dir='ltr'>hunc</span> <span class='ocrx_word' id='word_1_287' title='bbox 679 2213 836 2252; x_wconf 84' lang='lat' dir='ltr'>versum</span> <span class='ocrx_word' id='word_1_288' title='bbox 866 2213 1056 2252; x_wconf 86' lang='lat' dir='ltr'>exscribit</span> <span class='ocrx_word' id='word_1_289' title='bbox 1079 2228 1101 2254; x_wconf 91' lang='lat' dir='ltr'>e</span> <span class='ocrx_word' id='word_1_290' title='bbox 1133 2216 1251 2257; x_wconf 80' lang='lat' dir='ltr'>Silio.</span> <span class='ocrx_word' id='word_1_291' title='bbox 1276 2219 1370 2258; x_wconf 84' lang='lat' dir='ltr'>Au·</span> 
     </span>
     <span class='ocr_line' id='line_1_39' title="bbox 54 2265 1371 2325; baseline 0.003 -17"><span class='ocrx_word' id='word_1_292' title='bbox 54 2270 202 2310; x_wconf 75' lang='lat' dir='ltr'>rimmo</span> <span class='ocrx_word' id='word_1_293' title='bbox 235 2284 316 2310; x_wconf 88' lang='lat' dir='ltr'>tam</span> <span class='ocrx_word' id='word_1_294' title='bbox 353 2269 406 2309; x_wconf 86' lang='lat' dir='ltr'>de</span> <span class='ocrx_word' id='word_1_295' title='bbox 438 2267 601 2307; x_wconf 85' lang='lat' dir='ltr'>Batavis</span> <span class='ocrx_word' id='word_1_296' title='bbox 636 2266 758 2319; x_wconf 68' lang='lat' dir='ltr'>quam</span> <span class='ocrx_word' id='word_1_297' title='bbox 789 2265 841 2306; x_wconf 91' lang='lat' dir='ltr'>de</span> <span class='ocrx_word' id='word_1_298' title='bbox 869 2267 1074 2308; x_wconf 76' lang='lat' dir='ltr'>Britannis</span> <span class='ocrx_word' id='word_1_299' title='bbox 1110 2268 1192 2309; x_wconf 83' lang='lat' dir='ltr'>dici</span> <span class='ocrx_word' id='word_1_300' title='bbox 1223 2273 1371 2325; x_wconf 86' lang='lat' dir='ltr'>potest.</span> 
     </span>
     <span class='ocr_line' id='line_1_40' title="bbox 49 2319 980 2378; baseline -0.002 -15"><span class='ocrx_word' id='word_1_301' title='bbox 49 2324 196 2365; x_wconf 88' lang='lat' dir='ltr'>Ambo</span> <span class='ocrx_word' id='word_1_302' title='bbox 221 2339 318 2378; x_wconf 84' lang='lat' dir='ltr'>gens</span> <span class='ocrx_word' id='word_1_303' title='bbox 349 2322 519 2364; x_wconf 80' lang='lat' dir='ltr'>Celtica.</span> <span class='ocrx_word' id='word_1_304' title='bbox 547 2321 705 2365; x_wconf 80' lang='lat' dir='ltr'>Confer</span> <span class='ocrx_word' id='word_1_305' title='bbox 729 2321 757 2360; x_wconf 92' lang='lat' dir='ltr'>l.</span> <span class='ocrx_word' id='word_1_306' title='bbox 785 2319 859 2361; x_wconf 80' lang='lat' dir='ltr'>IV.</span> <span class='ocrx_word' id='word_1_307' title='bbox 888 2336 980 2361; x_wconf 88' lang='lat'>202.</span> 
     </span>
    </p>

    <p class='ocr_par' dir='ltr' id='par_1_21' title="bbox 51 2373 1363 2481">
     <span class='ocr_line' id='line_1_41' title="bbox 106 2373 1363 2429; baseline 0.002 -11"><span class='ocrx_word' id='word_1_308' title='bbox 106 2386 199 2428; x_wconf 82' lang='lat'>613.</span> <span class='ocrx_word' id='word_1_309' title='bbox 237 2377 466 2429; x_wconf 79' lang='lat' dir='ltr'>Ostendent.</span> <span class='ocrx_word' id='word_1_310' title='bbox 498 2376 657 2416; x_wconf 87' lang='lat' dir='ltr'>Omnes</span> <span class='ocrx_word' id='word_1_311' title='bbox 685 2373 854 2429; x_wconf 83' lang='lat' dir='ltr'>antiqui.</span> <span class='ocrx_word' id='word_1_312' title='bbox 887 2377 979 2417; x_wconf 90' lang='lat' dir='ltr'>Nec</span> <span class='ocrx_word' id='word_1_313' title='bbox 1010 2390 1123 2419; x_wconf 88' lang='lat' dir='ltr'>muta</span> <span class='ocrx_word' id='word_1_314' title='bbox 1153 2376 1196 2418; x_wconf 89' lang='lat' dir='ltr'>in</span> <span class='ocrx_word' id='word_1_315' title='bbox 1224 2380 1363 2423; x_wconf 83' lang='lat' dir='ltr'>obten-</span> 
     </span>
     <span class='ocr_line' id='line_1_42' title="bbox 51 2428 866 2481; baseline -0.009 -9"><span class='ocrx_word' id='word_1_316' title='bbox 51 2435 176 2480; x_wconf 76' lang='lat' dir='ltr'>dent,</span> <span class='ocrx_word' id='word_1_317' title='bbox 208 2446 299 2472; x_wconf 89' lang='lat' dir='ltr'>cum</span> <span class='ocrx_word' id='word_1_318' title='bbox 328 2428 522 2481; x_wconf 78' lang='lat' dir='ltr'>Heynfio.</span> <span class='ocrx_word' id='word_1_319' title='bbox 861 2471 866 2474; x_wconf 48' lang='grc'><strong>,</strong></span> 
     </span>
    </p>

    <p class='ocr_par' dir='ltr' id='par_1_22' title="bbox 48 2482 1366 2645">
     <span class='ocr_line' id='line_1_43' title="bbox 108 2482 1366 2537; baseline 0.002 -11"><span class='ocrx_word' id='word_1_320' title='bbox 108 2494 202 2537; x_wconf 80' lang='lat'>617.</span> <span class='ocrx_word' id='word_1_321' title='bbox 229 2484 409 2527; x_wconf 81' lang='lat' dir='ltr'>Sedibus.</span> <span class='ocrx_word' id='word_1_322' title='bbox 434 2485 582 2524; x_wconf 84' lang='lat' dir='ltr'>Veram</span> <span class='ocrx_word' id='word_1_323' title='bbox 609 2483 824 2524; x_wconf 59' lang='lat' dir='ltr'>lenionem</span> <span class='ocrx_word' id='word_1_324' title='bbox 847 2482 966 2525; x_wconf 61' lang='lat' dir='ltr'>done</span> <span class='ocrx_word' id='word_1_325' title='bbox 988 2483 1177 2526; x_wconf 90' lang='lat' dir='ltr'>defendit</span> <span class='ocrx_word' id='word_1_326' title='bbox 1192 2488 1366 2529; x_wconf 86' lang='lat' dir='ltr'>Grono-</span> 
     </span>
     <span class='ocr_line' id='line_1_44' title="bbox 49 2538 1364 2591; baseline 0.007 -14"><span class='ocrx_word' id='word_1_327' title='bbox 49 2538 155 2581; x_wconf 75' lang='lat' dir='ltr'>vius.</span> <span class='ocrx_word' id='word_1_328' title='bbox 183 2540 247 2580; x_wconf 88' lang='lat' dir='ltr'>Sic</span> <span class='ocrx_word' id='word_1_329' title='bbox 270 2540 370 2580; x_wconf 88' lang='lat' dir='ltr'>mihi</span> <span class='ocrx_word' id='word_1_330' title='bbox 393 2553 536 2579; x_wconf 87' lang='lat' dir='ltr'>omnes</span> <span class='ocrx_word' id='word_1_331' title='bbox 562 2538 750 2591; x_wconf 87' lang='lat' dir='ltr'>antiqui,</span> <span class='ocrx_word' id='word_1_332' title='bbox 781 2538 854 2577; x_wconf 87' lang='lat' dir='ltr'>nifi</span> <span class='ocrx_word' id='word_1_333' title='bbox 879 2539 1040 2581; x_wconf 72' lang='lat' dir='ltr'>caetibus</span> <span class='ocrx_word' id='word_1_334' title='bbox 1065 2541 1234 2584; x_wconf 86' lang='lat' dir='ltr'>absurde</span> <span class='ocrx_word' id='word_1_335' title='bbox 1258 2543 1303 2583; x_wconf 88' lang='lat' dir='ltr'>in</span> <span class='ocrx_word' id='word_1_336' title='bbox 1327 2556 1364 2586; x_wconf 80' lang='lat' dir='ltr'>c.</span> 
     </span>
     <span class='ocr_line' id='line_1_45' title="bbox 48 2592 899 2645; baseline -0.001 -9"><span class='ocrx_word' id='word_1_337' title='bbox 48 2593 100 2640; x_wconf 81' lang='lat' dir='ltr'>P.</span> <span class='ocrx_word' id='word_1_338' title='bbox 128 2598 169 2636; x_wconf 90' lang='lat'>&amp;</span> <span class='ocrx_word' id='word_1_339' title='bbox 188 2609 222 2636; x_wconf 90' lang='lat' dir='ltr'>c.</span> <span class='ocrx_word' id='word_1_340' title='bbox 244 2594 387 2635; x_wconf 86' lang='lat' dir='ltr'>Oxon.</span> <span class='ocrx_word' id='word_1_341' title='bbox 411 2593 619 2644; x_wconf 64' lang='lat' dir='ltr'>Sedibus,</span> <span class='ocrx_word' id='word_1_342' title='bbox 640 2593 683 2632; x_wconf 87' lang='lat' dir='ltr'>in</span> <span class='ocrx_word' id='word_1_343' title='bbox 701 2592 899 2645; x_wconf 84' lang='lat' dir='ltr'>Heynfio.</span> 
     </span>
    </p>

    <p class='ocr_par' dir='ltr' id='par_1_23' title="bbox 53 2648 1363 2756">
     <span class='ocr_line' id='line_1_46' title="bbox 110 2648 1363 2701; baseline 0.003 -13"><span class='ocrx_word' id='word_1_344' title='bbox 110 2657 202 2700; x_wconf 82' lang='lat'>635.</span> <span class='ocrx_word' id='word_1_345' title='bbox 236 2649 357 2690; x_wconf 80' lang='lat' dir='ltr'>Avia.</span> <span class='ocrx_word' id='word_1_346' title='bbox 387 2648 446 2690; x_wconf 88' lang='lat' dir='ltr'>Ut</span> <span class='ocrx_word' id='word_1_347' title='bbox 469 2650 495 2690; x_wconf 92' lang='lat' dir='ltr'>l.</span> <span class='ocrx_word' id='word_1_348' title='bbox 522 2649 610 2688; x_wconf 86' lang='lat' dir='ltr'>XV.</span> <span class='ocrx_word' id='word_1_349' title='bbox 632 2663 673 2688; x_wconf 88' lang='lat' dir='ltr'>v.</span> <span class='ocrx_word' id='word_1_350' title='bbox 697 2663 804 2698; x_wconf 77' lang='lat'>4733</span> <span class='ocrx_word' id='word_1_351' title='bbox 834 2661 876 2687; x_wconf 91' lang='lat' dir='ltr'>at</span> <span class='ocrx_word' id='word_1_352' title='bbox 928 2662 986 2691; x_wconf 84' lang='lat' dir='ltr'>uae</span> <span class='ocrx_word' id='word_1_353' title='bbox 1009 2650 1090 2698; x_wconf 78' lang='lat' dir='ltr'>iarn</span> <span class='ocrx_word' id='word_1_354' title='bbox 1113 2649 1184 2690; x_wconf 83' lang='lat' dir='ltr'>fiet</span> <span class='ocrx_word' id='word_1_355' title='bbox 1197 2651 1363 2701; x_wconf 62' lang='lat' dir='ltr'>pervia,&gt;</span> 
     </span>
     <span class='ocr_line' id='line_1_47' title="bbox 53 2702 1363 2756; baseline 0.002 -12"><span class='ocrx_word' id='word_1_356' title='bbox 53 2713 98 2744; x_wconf 78' lang='lat' dir='ltr'>ut</span> <span class='ocrx_word' id='word_1_357' title='bbox 122 2704 149 2744; x_wconf 90' lang='lat'>1.</span> <span class='ocrx_word' id='word_1_358' title='bbox 179 2704 266 2745; x_wconf 71' lang='lat' dir='ltr'>XV,</span> <span class='ocrx_word' id='word_1_359' title='bbox 304 2718 391 2753; x_wconf 75' lang='lat'>504.</span> <span class='ocrx_word' id='word_1_360' title='bbox 411 2703 467 2746; x_wconf 79' lang='lat' dir='ltr'>In</span> <span class='ocrx_word' id='word_1_361' title='bbox 492 2718 525 2743; x_wconf 88' lang='lat' dir='ltr'>c.</span> <span class='ocrx_word' id='word_1_362' title='bbox 554 2703 603 2744; x_wconf 92' lang='lat' dir='ltr'>P.</span> <span class='ocrx_word' id='word_1_363' title='bbox 619 2715 746 2756; x_wconf 84' lang='lat' dir='ltr'>prope</span> <span class='ocrx_word' id='word_1_364' title='bbox 771 2702 876 2743; x_wconf 85' lang='lat' dir='ltr'>ovia.</span> <span class='ocrx_word' id='word_1_365' title='bbox 946 2702 1111 2744; x_wconf 86' lang='lat' dir='ltr'>fferebat</span> <span class='ocrx_word' id='word_1_366' title='bbox 1139 2705 1363 2747; x_wconf 88' lang='lat' dir='ltr'>Burmann.</span> 
     </span>
    </p>
   </div>
   <div class='ocr_carea' id='block_1_3' title="bbox 47 2756 1364 2822">
    <p class='ocr_par' dir='ltr' id='par_1_24' title="bbox 47 2756 1364 2822">
     <span class='ocr_line' id='line_1_48' title="bbox 47 2756 1364 2822; baseline 0.002 -22"><span class='ocrx_word' id='word_1_367' title='bbox 47 2757 171 2822; x_wconf 51' lang='lat' dir='ltr'>,imia-</span> <span class='ocrx_word' id='word_1_368' title='bbox 191 2758 323 2808; x_wconf 80' lang='lat' dir='ltr'>Drak.</span> <span class='ocrx_word' id='word_1_369' title='bbox 348 2757 447 2805; x_wconf 80' lang='lat' dir='ltr'>edit.</span> <span class='ocrx_word' id='word_1_370' title='bbox 471 2757 593 2804; x_wconf 71' lang='lat' dir='ltr'>obvia</span> <span class='ocrx_word' id='word_1_371' title='bbox 607 2766 628 2812; x_wconf 73' lang='lat'>,&#39;</span> <span class='ocrx_word' id='word_1_372' title='bbox 658 2771 702 2806; x_wconf 71' lang='lat' dir='ltr'>ut</span> <span class='ocrx_word' id='word_1_373' title='bbox 730 2756 822 2800; x_wconf 81' lang='lat' dir='ltr'>aliis</span> <span class='ocrx_word' id='word_1_374' title='bbox 844 2772 857 2803; x_wconf 72' lang='lat' dir='ltr'><em>z</em></span> <span class='ocrx_word' id='word_1_375' title='bbox 876 2757 948 2805; x_wconf 80' lang='lat' dir='ltr'>sed</span> <span class='ocrx_word' id='word_1_376' title='bbox 967 2773 1024 2814; x_wconf 75' lang='lat' dir='ltr'>o,</span> <span class='ocrx_word' id='word_1_377' title='bbox 1049 2774 1101 2812; x_wconf 77' lang='lat' dir='ltr'>a,</span> <span class='ocrx_word' id='word_1_378' title='bbox 1129 2759 1364 2808; x_wconf 71' lang='lat' dir='ltr'>alternatim</span> 
     </span>
    </p>
   </div>
  </div>
 </body>
</html>
