1627 3056
266 145 348 180 1⁸
402 136 763 177 TRxTUM'.
831 122 1165 176 Liaxvii.
1297 141 1370 187 ¹43

121 218 211 253 319.
247 205 361 259 Quas
389 205 491 259 juga
525 205 724 245 calcantes
748 234 756 250 ,
801 207 877 244 δίς.
922 202 1091 256 Elegans
1123 204 1376 256 hyperbaton

61 259 126 301 hic
172 261 354 313 neglexit
390 261 520 298 Drak.
563 261 686 298 Certe
722 260 868 311 legitur
907 272 1000 310 quas
1033 258 1074 296 in
1106 272 1138 296 c.
1176 259 1219 297 Ρ.
1251 260 1303 299 R.
1335 273 1374 298 2.

61 316 173 356 Dein
203 316 401 354 calcantes
431 314 508 352 fuit
532 311 747 364 calcastis,
775 314 965 351 Librariis
985 344 995 360 ‚
1021 326 1063 351 ut
1081 313 1180 364 saepe
1201 313 1376 352 alternat

59 370 316 422 participium
349 369 516 425 praesens
553 382 644 407 cnm
677 367 799 406 variis
837 368 1055 406 verborum
1093 367 1272 419 personis
1306 380 1379 407 aut

59 423 328 468 nominibus,
368 423 409 460 in
435 422 602 474 scriptis.
645 423 708 461 Sic
742 423 883 475 supra,
920 435 959 459 v.
1003 427 1094 466 306.
1129 421 1377 468 comitante,

58 476 262 517 comitare.
297 478 342 516 1..
370 477 404 516 1.
427 490 467 515 v.
495 491 584 526 104.
616 476 788 515 mulcens
818 475 873 515 est
905 475 1114 523 mulcetis,
1145 476 1187 514 in
1213 489 1246 515 c.
1270 477 1314 514 P.
1334 479 1376 515 δε

61 531 115 571 ib.
143 545 182 570 v.
207 545 302 581 425.
332 531 507 583 geminat
533 531 681 571 factum
704 529 900 585 geminum
919 561 935 577 ,
964 527 1170 583 genuinuin
1191 545 1200 568 :
1228 543 1276 568 ne
1295 531 1376 568 alia

61 587 249 626 sexcenta
272 599 360 637 quae
387 585 530 624 notavi
553 584 749 625 adferam.
775 586 915 623 Sensus
937 585 991 623 est
1009 585 1158 637 igitur,
1189 598 1376 625 ‹cturmae

58 657 89 677 ω
120 654 215 692 quas
246 640 332 678 vidi
361 639 535 678 volitare
563 653 634 692 per
661 643 830 679 l'umrnas
860 639 985 691 Alpes
1004 669 1014 685 ‚
1056 639 1251 678 calcantes
1277 641 1376 692 juga.

61 711 91 734 a
120 693 315 734 certantia
339 694 500 733 coelon.
533 696 627 734 Sine
651 693 731 734 fide
758 706 945 734 veterum
975 693 1093 733 habet
1122 694 1254 733 Drak.

192 777 300 816 Cum
323 774 431 814 stetis
458 789 583 828 prope
618 790 696 816 me.
716 775 840 824 Vidi,
874 776 1067 815 certantia
1096 777 1201 816 coelo

197 831 306 870 Cum
331 831 424 883 juga
447 831 619 870 calcastis
638 862 648 879 ,
681 832 854 870 summas
880 832 1052 871 volitare
1082 845 1153 883 per
1180 831 1324 884 Alpes.

121 926 211 962 324.
238 909 438 953 Fulmina.
471 911 576 952 Vide
601 913 644 950 L.
672 912 763 951 XII.
800 920 1031 963 617=630.

124 975 215 1016 326.
242 966 354 1006 Hoec.
384 966 552 1007 Peffime
571 982 617 1006 ac
650 967 693 1006 in
720 967 852 1008 Drak.
879 966 940 1007 lb.
970 967 1159 1009 Juhebas.
1189 965 1239 1004 In
1262 967 1314 1008 R.
1339 978 1376 1008 2·

63 1021 251 1070 videbas,
287 1019 395 1060 forte
422 1023 577 1061 tectius.

120 1079 210 1123 328.
240 1075 391 1116 Deleta
422 1075 525 1126 est·-
544 1074 758 1129 Saguntos.
790 1073 1032 1115 O&odecim
1053 1073 1208 1114 vicibus
1233 1088 1377 1116 occur-

64 1129 118 1169 rit
151 1132 229 1169 hoc
264 1143 418 1169 nomen
456 1130 498 1168 in
529 1132 630 1170 Silio
652 1162 662 1178 ,
697 1134 736 1171 δε
776 1130 930 1183 semper
960 1129 1013 1169 est
1041 1129 1137 1168 alibi
1182 1128 1377 1169 feminini

66 1185 238 1238 gene1is.
278 1184 428 1236 Ineptit
457 1197 555 1237 ergo
582 1185 707 1224 Drak.
730 1185 800 1237 qui
827 1185 916 1224 vult
942 1182 1006 1223 hic
1030 1196 1204 1224 neutrum
1227 1199 1379 1238 genus,

64 1238 257 1291 deceptus
286 1251 309 1276 a
337 1239 527 1277 Libratiis
556 1240 624 1291 qui
651 1240 833 1293 Saguntii
858 1239 1095 1291 scripserunt
1119 1237 1339 1292 Saguntum
1357 1251 1379 1286 ;

66 1292 136 1332 sed
170 1292 224 1331 est
261 1292 500 1346 Sag1cnfl1s;
538 1293 681 1333 Graecfi
723 1292 881 1340 formai,
919 1307 961 1332 ut
999 1294 1126 1339 alibi,
1162 1296 1382 1347 Saguntos.

66 1349 125 1385 Sit
148 1348 327 1386 neutrius
364 1349 520 1400 generis
550 1349 592 1386 in
622 1349 710 1386 aliis
739 1348 967 1388 :meroribus
995 1352 1033 1388 &
1061 1348 1213 1389 Graecis
1231 1378 1242 1396 ,
1276 1361 1382 1387 con-

69 1400 172 1441 cedo
192 1417 203 1448 3
234 1400 301 1440 sed
324 1415 409 1441 non
436 1403 579 1456 sequor
603 1402 645 1441 in
669 1403 787 1442 Silio.

125 1462 216 1501 336.
242 1455 378 1508 Libye.
414 1454 464 1495 In
492 1458 626 1509 primo
656 1459 757 1496 casu.
786 1456 909 1496 Deest
933 1455 999 1496 hic
1027 1470 1066 1495 v.
1093 1456 1136 1494 in
1163 1470 1194 1495 c.
1217 1456 1264 1497 P.
1294 1455 1380 1496 Sci-

67 1509 163 1549 licet
196 1510 312 1548 nobis
338 1509 466 1551 altera
492 1511 618 1565 Libye
646 1525 733 1551 non
757 1512 886 1552 restat.
925 1512 1034 1554 Male
1062 1510 1199 1564 Libya
1222 1512 1265 1550 in
1289 1510 1382 1565 qui-

69 1563 237 1604 busdam
264 1564 453 1617 antiquiS.

133 1632 224 1668 337.
259 1618 623 1659 Dominumlivi.
653 1621 777 1659 XXX.
805 1634 837 1659 c.
870 1633 931 1666 32.

126 1686 215 1722 ³41·
243 1672 532 1724 Speculantem.
564 1676 664 1714 Tres
682 1675 842 1727 scripti,
867 1676 920 1716 R.
944 1689 980 1714 2.
1006 1673 1114 1713 Aliis
1127 1674 1382 1726 speHanterm

125 1741 217 1776 343.
243 1728 438 1779 Adfiztus.
472 1728 626 1768 Imitat.
652 1729 794 1781 Virgil.
825 1729 919 1767 XII.
945 1741 1022 1778 792
1041 1743 1072 1762 τε
1089 1737 1180 1777 805.

128 1794 218 1826 351-
256 1780 456 1833 Tolerasti
481 1797 586 1823 exer.
621 1784 684 1820 Sic
711 1783 864 1832 Heynf.
893 1785 1089 1834 probante
1112 1783 1241 1822 Drak.
1272 1779 1320 1818 In
1345 1794 1381 1819 c.

68 1832 115 1874 P.
147 1833 283 1875 tuleris
308 1848 349 1875 tu
376 1851 479 1876 exer.
513 1836 561 1874 In
584 1849 615 1873 c.
646 1837 730 1874 Ox.
761 1834 883 1886 tulisti
909 1850 1010 1874 exer.
1050 1837 1098 1875 In
1120 1850 1153 1876 c.
1181 1837 1232 1875 T.
1257 1833 1382 1884 tulisti.

70 1890 216 1929 excita.
259 1890 307 1927 ln
339 1892 390 1930 R.
421 1905 456 1929 1.
485 1890 620 1928 Parm.
657 1890 742 1941 ipsa
774 1889 898 1941 tulisti
927 1903 1030 1929 exer.
1074 1890 1124 1929 In
1148 1890 1197 1931 R.
1227 1903 1263 1928 2.
1298 1889 1383 1937 ita,

68 1957 184 1994 quam
217 1957 294 1994 pro
331 1956 367 1983 te
399 1943 570 1983 Cadmea
606 1955 647 1982 ru
681 1945 852 1984 exercita
880 1957 995 1998 gente
1033 1944 1155 1996 tulisti
1171 1974 1188 1993 ‚
1223 1943 1385 1984 vitiose.

68 1998 179 2037 Hinc
215 1999 323 2036 forte
362 1998 542 2045 Marsus,
574 1995 743 2038 Beneffa
781 1999 893 2038 suum
935 2012 1093 2038 textum
1126 2000 1384 2046 habuerunt,

69 2052 260 2092 tollendo
284 2063 333 2091 te.
370 2053 477 2098 Quia
502 2051 602 2091 ver&
622 2053 662 2091 in
687 2053 840 2105 scriptis
864 2053 953 2094 finis
976 2053 1110 2094 versus
1135 2054 1189 2093 est
1211 2053 1387 2093 exercita

67 2117 184 2159 gente
203 2137 220 2154 ,
256 2107 401 2158 sequor
425 2106 664 2158 Heynfium.
693 2109 822 2147 Locus
845 2108 910 2148 hic
933 2107 985 2147 ad
1010 2122 1190 2148 mentem
1219 2106 1387 2162 Virgilii

73 2158 278 2214 expreffiis
308 2160 384 2199 fuit
403 2192 414 2208 ,
447 2161 472 2200 l.
501 2161 595 2201 VII.
624 2175 715 2207 309·

129 2223 222 2263 356.
253 2213 512 2263 Claudenda,
542 2213 623 2254 fine
649 2217 684 2254 G·
704 2246 715 2263 ‚
751 2227 842 2255 curn
874 2216 926 2258 R.
956 2230 991 2255 2.
1026 2215 1135 2255 Aliis
1158 2216 1192 2255 ἃ
1216 2212 1359 2255 claude

129 2282 219 2320 357.
256 2268 392 2321 Neque
429 2284 500 2323 ego
535 2280 631 2308 mut.
664 2269 710 2308 In
735 2284 767 2308 t.
794 2271 838 2308 P.
861 2287 978 2323 neque
1002 2285 1072 2329 ego
1103 2275 1174 2310 hoc
1205 2281 1300 2308 mut.
1335 2269 1387 2309 In

69 2322 124 2364 R.
142 2336 179 2362 2.
207 2327 463 2376 hec,nempe
491 2328 571 2362 hoec
598 2337 671 2375 pro
702 2328 785 2364 hoc.
813 2325 890 2364 Sed
918 2325 1042 2378 glosla
1067 2323 1143 2364 fuit
1169 2337 1264 2364 ante
1292 2336 1392 2376 pro-

73 2391 229 2416 nomen
257 2376 406 2428 quibus.
433 2379 523 2417 Jam
553 2378 718 2417 solitum
744 2380 844 2418 Silio
870 2377 1099 2431 pronomen
1125 2392 1218 2418 ante
1247 2378 1389 2418 relati-

73 2443 170 2469 vum
197 2431 259 2482 qui
281 2445 361 2483 quae
387 2436 462 2471 &c.
491 2433 694 2472 omittere.
722 2434 845 2473 Reae
876 2448 971 2487 ergo
999 2432 1133 2474 omisit
1155 2445 1386 2486 pronomen

75 2487 148 2524 hoc
164 2516 180 2532 ‚
198 2500 236 2537 q.
254 2485 279 2523 d
321 2489 423 2531 hec,
451 2501 543 2526 ante
566 2490 649 2538 quis
668 2518 683 2535 ,
710 2501 751 2527 ut
775 2489 844 2526 alii
867 2489 975 2528 libri.
1231 2481 1246 2491 Ὗ

136 2547 226 2584 358.
251 2538 444 2580 Pendentz'
471 2544 580 2581 nube.
607 2542 657 2581 In
678 2555 712 2581 c.
736 2543 787 2582 T.
802 2543 856 2584 R.
886 2556 920 2582 1.
938 2543 1071 2584 Parm.
1091 2540 1265 2582 Mediol.
1283 2555 1388 2594 pen-

75 2592 181 2634 denti
204 2594 243 2632 in
271 2597 380 2633 nube.
416 2595 523 2636 Aliis
551 2595 631 2635 fine
653 2596 706 2636 in.
1371 2619 1373 2621 ·

136 2661 226 2694 359.
252 2647 498 2700 Bellumque.
530 2650 581 2692 In
601 2663 637 2694 c.
661 2651 707 2697 Ρ.
732 2651 784 2692 Τ.
819 2652 871 2696 R.
898 2665 938 2698 2.
964 2650 1170 2693 bellumve.
1201 2649 1264 2694 Vt
1282 2663 1413 2706 ,φεμ

70 2701 278 2755 saepiffime
300 2704 517 2757 alternant.
