1627 3056
277 156 355 189 IN
423 147 784 192 ΤεκτυΜ.
838 150 961 191 Lin.
1014 149 1179 192 VIII.
1326 157 1379 203 67

186 229 213 252 α
233 217 328 254 Haec
355 227 398 253 ut
418 215 554 253 Roma
585 215 702 256 cadat
726 219 781 257 sar
804 217 882 257 erit
903 217 1070 257 vinitoria
1097 218 1233 258 Poen³s
1251 238 1292 260 υ.

75 270 179 312 Non
208 268 349 308 melius
371 269 504 307 scribit
519 269 592 318 fas
617 271 690 310 erit
715 272 842 312 Buzio
859 303 868 319 ,
906 273 971 312 cui
995 286 1138 312 omnes
1163 288 1278 327 nugae
1297 274 1384 326 pla-

76 324 205 367 ωέτε.
236 320 442 361 Εοτιὶῐᾶιιε
472 322 550 361 fuit
573 325 637 363 hic
663 340 685 365 e
711 327 737 365 l.
763 328 858 365 VH.
882 340 975 372 233.

133 391 224 427 227.
263 376 475 416 Secundes.
515 377 626 418 Male
649 380 777 420 Buzio
804 385 841 420 &
876 381 1043 432 quidam
1078 382 1148 421 alii
1180 380 1381 434 secundis.

75 434 298 477 secundare
327 431 462 483 accipe
489 430 723 485 desecando
754 435 819 474 vel
842 434 967 475 altero
993 436 1146 484 omine,
1175 434 1288 489 quod
1310 448 1383 475 an-

74 488 180 543 tiqui
210 485 406 539 rogabant
435 487 548 525 Deos
580 487 631 527 ad
658 489 765 540 prius
791 503 915 528 omen
941 490 1266 531 confirmandum
1289 505 1298 528 ε
1321 502 1382 528 at-

74 557 153 599 que
171 540 547 595 itaslagumfignum
563 543 740 596 quodvis
755 575 763 590 2
791 557 921 583 ratum
948 544 1129 599 felixque
1150 546 1385 584 habebatur.

141 612 233 643 229.
267 594 562 635 Marmoream.
606 597 717 637 Male
750 599 879 638 Drak.
917 600 1158 639 marmoreis.
1194 597 1386 639 Refertur

77 651 131 692 ad
169 652 333 691 statuam
372 663 494 701 quam
528 650 580 690 de
613 666 819 693 marmore
850 666 989 693 vovet.
1039 656 1143 694 Mox
1179 664 1384 704 aequatam.

77 709 183 746 reete
207 708 245 745 se
275 705 406 745 habet.
441 705 599 745 Frustra
627 707 692 747 hic
717 707 946 748 luxuriatur
972 709 1102 750 Drak.
1139 708 1182 747 in
1206 709 1385 748 aliorum

79 774 337 801 tommentis.
758 788 760 791 -

135 829 227 864 231.
263 813 530 865 Tumefc'zft'us.
556 813 617 853 Ut
648 815 676 855 l.
706 814 761 855 11.
787 819 851 854 28.
884 817 1041 857 Omnes
1067 816 1223 869 antiqui
1248 814 1393 855 vitiofi·

79 869 156 910 hic.
187 870 321 922 Prope
354 881 490 908 tamen
519 869 687 921 quidam
716 881 797 910 tum
823 869 957 920 fize‘t’us
980 903 989 919 ‚
1032 886 1055 911 a
1093 871 1282 912 Librariis
1318 868 1388 922 qui

79 925 216 976 inepte
243 924 483 964 diviserunt.
713 922 716 926 '

82 991 228 1072 11234.
255 979 432 1019 Redeunt
457 976 575 1018 Divi.
618 977 723 1018 Vide
750 977 897 1033 Virgil.
919 978 1038 1020 VIII.
1068 993 1136 1031 40.
1169 979 1257 1019 Val.
1279 977 1388 1018 Flac.

128 1061 137 1072 .
164 1041 257 1083 485.

135 1099 231 1136 237.
261 1086 429 1135 Marti,
465 1086 606 1139 clusus.
638 1085 702 1125 Sic
722 1086 816 1140 lego
842 1100 863 1126 e
892 1086 1067 1140 vestigiis
1093 1102 1125 1127 c.
1156 1087 1249 1127 Col.
1278 1085 1388 1137 opti-

83 1153 154 1181 mo
175 1142 298 1181 sensu.
315 1142 541 1181 Habuimus
560 1141 672 1193 clust‘t
688 1171 699 1188 ,
726 1141 753 1179 l.
781 1141 851 1181 VI.
868 1156 961 1192 45¹·
991 1144 1075 1185 Alii
1094 1144 1233 1197 legunt
1250 1141 1390 1181 ,Marte

81 1196 195 1236 exclu
217 1211 275 1234 us.

137 1198 392 1304 lbeagna.
422 1249 469 1288 ln
495 1250 544 1290 R.
582 1265 613 1289 1.
641 1261 773 1301 regna.
808 1249 871 1288 Sic
899 1247 1102 1303 margffic.
1131 1250 1181 1289 T.
1212 1250 1254 1287 in
1280 1249 1390 1296 cujus

85 1317 200 1344 textu
227 1304 386 1344 deletur
414 1319 569 1358 magna.
610 1302 685 1344 Sed
718 1304 824 1342 recte
854 1318 998 1357 magna
1023 1305 1064 1343 in
1097 1304 1185 1342 aliis
1211 1303 1390 1356 scriptis,
1425 1315 1428 1318 ·

84 1363 124 1400 δε
147 1359 198 1398 R.
234 1373 268 1399 2.
297 1359 438 1412 Atque
463 1358 647 1412 intellige
671 1373 692 1398 e
720 1356 810 1396 Val.
838 1358 967 1398 Flacc.
997 1357 1065 1397 lv.
1099 1365 1190 1409 ⁶49·

139 1427 231 1460 24¹·
260 1412 448 1464 Instinc‘li.
479 1413 526 1453 C.
557 1414 651 1454 (ssol.
689 1412 800 1453 Male
828 1410 918 1451 aliis
948 1411 1131 1464 instrui-li.
1161 1413 1222 1452 Sic
1246 1411 1273 1451 l.
1301 1410 1395 1451 XII.

119 1475 179 1507 18.

90 1481 107 1520 ς
145 1535 238 1569 243.
273 1519 397 1562 Soevit
421 1520 524 1575 jam.
559 1521 608 1561 C.
638 1521 733 1563 Col.
765 1519 873 1562 Vide
901 1518 1008 1561 Livi.
1035 1521 1062 1560 l.
1093 1520 1223 1561 XXII.
1256 1533 1289 1559 c.
1330 1527 1395 1568 38.

90 1578 130 1616 ὅ(
155 1575 207 1615 ib.
236 1589 268 1615 c.
299 1590 363 1626 34.

140 1643 232 1681 245.
249 1629 343 1672 Sine
367 1629 464 1670 luce.
488 1628 596 1670 Vide
617 1632 711 1670 Stat.
738 1632 845 1682 Sylv.
860 1632 911 1670 V.
926 1628 1089 1684 Epiced.
1112 1628 1218 1668 Patr.
1237 1643 1274 1669 v.
1299 1642 1312 1668 1
1328 1630 1386 1668 ⁸8.

143 1693 237 1733 246.
268 1685 332 1724 At
353 1685 571 1725 immodice.
600 1687 661 1724 Sic
687 1688 788 1726 re&e
815 1686 1003 1726 Huetius.
1033 1683 1141 1722 Aliis
1166 1685 1214 1723 ἅ.

142 1738 204 1779 Ib.
241 1739 452 1781 Vibrabat.
485 1739 531 1777 ln
554 1753 586 1778 c.
614 1739 697 1779 Ox.
727 1741 775 1778 T.
803 1742 853 1779 R.
895 1754 929 1779 1.
959 1739 1153 1780 vibrdrat.

144 1806 237 1842 255.
273 1795 440 1834 Cannas.
473 1794 535 1833 Sic
565 1807 709 1834 omnes
731 1794 913 1847 antiqui,
940 1808 1025 1834 non
1054 1790 1202 1833 cannis.

146 1856 239 1894 263.
268 1847 518 1889 Adovantia.
558 1849 652 1886 Vox
687 1849 808 1887 semel
837 1849 1019 1900 usurpata
1046 1849 1159 1888 Silio.
1190 1844 1254 1885 Sic
1280 1849 1397 1886 ader-

92 1914 190 1951 rat,
219 1903 313 1942 vet&
342 1904 386 1942 in
413 1902 596 1943 editione
624 1902 800 1953 principe
828 1903 969 1949 Statii3
1000 1902 1070 1941 IX.
1100 1911 1165 1951 78.
1199 1902 1394 1941 adverbe-

93 1968 183 2004 rat,
219 1957 288 2004 lX,
315 1962 406 1996 686.
439 1955 597 1996 advelat
630 1986 639 2002 ,
670 1956 711 1994 in
727 1956 905 2008 Virgilio
924 1988 934 2003 ,
959 1958 1006 1995 V.
1027 1966 1103 2007 246
1132 1955 1253 1995 semel
1274 1955 1400 1995 etiam

92 2024 349 2059 occurreret,
377 2009 449 2049 nisi
479 2010 527 2050 ab
559 2021 608 2049 eo
638 2007 825 2049 sumfiffet
848 2010 938 2049 Val.
962 2011 1069 2050 Flac.
1112 2013 1240 2050 Locus
1263 2010 1326 2049 hic
1347 2009 1405 2049 Si·

92 2067 140 2106 lii
165 2065 306 2105 frustra
329 2066 406 2106 fuit
433 2065 481 2103 ab
514 2065 704 2104 omnibus
734 2077 924 2105 tentatus.
956 2066 1026 2104 An
1052 2065 1251 2117 Heynsius
1270 2065 1340 2118 qui
1367 2077 1401 2104 c.

92 2121 140 2161 P.
157 2119 355 2168 contulit,
380 2133 464 2159 non
485 2118 636 2159 viderit
658 2118 700 2158 in
724 2132 773 2158 eo
797 2123 849 2159 ad
870 2120 1032 2160 ovantia
1049 2152 1065 2168 ,
1098 2119 1281 2159 divisim?
1311 2118 1404 2159 Sola

94 2175 150 2216 est
183 2176 266 2215 haec
293 2187 389 2214 vera
418 2174 549 2214 leffio.
591 2173 641 2213 In
669 2173 757 2212 aliis
778 2184 821 2212 ut
848 2188 929 2222 ov,
964 2175 1029 2214 vel
1054 2176 1088 2214 e}
1118 2189 1167 2214 ον
1185 2189 1205 2222 ,·
1239 2172 1307 2213 sed
1336 2183 1402 2221 ut,

94 2231 155 2277 δ’,
187 2233 265 2276 ad,
296 2229 497 2282 saepiffime
521 2229 722 2268 alternant
749 2228 790 2266 in
820 2229 985 2280 scriptis.
1015 2229 1060 2266 In
1088 2242 1120 2267 c.
1142 2229 1193 2267 T.
1224 2229 1275 2268 R.
1303 2243 1335 2267 1.
1363 2241 1404 2268 2.

93 2285 237 2324 desunt
273 2296 315 2323 ut
341 2314 356 2331 ,
395 2284 430 2322 δ’
455 2315 470 2330 ‚
506 2287 558 2321 ad
580 2298 598 2330 ‚·
638 2281 866 2334 {impliciter
892 2283 1038 2333 legitur
1061 2282 1234 2322 ovantia.
1270 2283 1408 2332 Quare

97 2341 176 2378 hoc
206 2351 289 2376 non
327 2349 469 2381 monet
491 2338 620 2376 Drak.
653 2335 703 2376 de
728 2338 779 2376 R.
816 2346 875 2376 ι..)
911 2336 985 2375 Nil
1017 2350 1099 2375 non
1127 2336 1284 2377 absurdi
1315 2350 1412 2389 pro·

97 2406 215 2433 munt
246 2390 307 2429 hic
335 2392 487 2441 Heyns.
507 2394 546 2430 &
575 2391 700 2431 Drak.
725 2405 768 2430 ut
786 2391 1014 2443 petulantia
1044 2391 1281 2439 intrudant,
1310 2403 1412 2430 con·

97 2460 156 2486 tra
193 2444 316 2485 fidem
345 2445 556 2484 librorum.

153 2507 245 2548 264.
274 2498 452 2552 Quorum
467 2499 686 2550 imperium.
704 2500 914 2554 Intelliges
931 2513 952 2539 e
975 2499 1092 2539 Livio
1109 2530 1119 2546 ,
1155 2497 1274 2539 VIII.
1292 2512 1324 2538 c.
1345 2511 1408 2545 33.

100 2572 128 2591 α
144 2552 347 2605 Populum
365 2555 480 2607 —qui
508 2567 614 2593 certe
643 2568 742 2593 unus
767 2556 855 2606 plus
883 2554 1027 2608 quam,
1060 2558 1176 2594 &cm

162 2617 251 2647 268.
277 2607 435 2648 Plebes.
469 2610 531 2648 Sic
561 2609 722 2660 scripti,
763 2611 814 2650 R.
844 2622 879 2647 2.
912 2609 970 2648 lb.
995 2607 1171 2649 Martia.
1202 2603 1345 2648 Glossa
1375 2619 1411 2648 c.

110 2663 165 2704 T.
195 2661 380 2703 Romana
398 2694 407 2710 ,
444 2667 559 2703 teile.
589 2664 700 2703 Male
719 2663 805 2702 aliis
826 2665 961 2714 pubes,

161 2723 253 2765 269.
268 2716 388 2760 Pelii.
414 2718 462 2760 C.
487 2718 579 2760 Col.
602 2718 736 2773 Ptope
760 2731 794 2759 c.
809 2718 891 2759 Ox.
912 2717 1037 2772 pello.
1058 2717 1167 2759 Hinc
1186 2715 1290 2759 male
1308 2715 1412 2757 bello
