1627 3056
417 136 1091 216 L1BERXIII·
1379 143 1500 206 259

176 268 356 316 Interea
377 272 514 307 cerne
531 291 544 314 ,
564 264 613 299 ut
635 243 802 317 gressus
822 241 1062 291 inhumata
1085 230 1247 282 citatos

176 333 286 383 Fert
307 329 469 377 umbra
492 361 504 383 ,
533 326 575 368 &
596 326 811 381 properat
833 323 989 358 tecum
1013 299 1294 365 coniungere
1315 292 1464 354 diciaff,

181 397 277 449 Cui
300 397 431 444 datur
452 402 555 439 ante
575 400 692 434 atros
711 375 907 428 absumti
934 368 1140 434 corporis
1165 366 1295 433 ignes

179 467 413 532 Sanguine
431 474 523 509 non
544 455 661 502 racio
692 447 843 497 solitas
863 439 1098 492 estundere
1119 449 1278 485 voces·

182 532 394 596 Adspicit
415 568 427 590 ‚
447 532 490 575 δε
511 522 658 572 subito
682 517 889 566 turbatus
910 505 1066 571 Scipio
1089 501 1187 553 visu
1218 521 1228 548 :

45 623 145 671 '450
179 601 389 666 Quinam
407 610 452 644 te
470 633 482 655 ‚
510 590 590 657 qui
611 584 738 637 casus
754 625 766 645 ‚
789 580 849 630 ait
866 621 878 641 ,
900 577 993 625 dux
1015 570 1216 621 maxime
1237 607 1250 630 ‚
1276 561 1395 614 sessae

46 670 54 677 ⁸
183 668 363 732 Eripuit
378 661 540 714 Patriae
562 698 574 720 ,
609 670 753 721 quum
777 649 890 698 tales
909 640 1090 693 horrida
1111 636 1304 702 poscant

187 736 320 786 Bena
340 731 460 783 viros
482 739 497 776 ἓ
521 742 610 776 nec
631 721 758 771 enirn
779 711 936 765 dextra
963 704 1234 759 concesserit
1254 699 1341 750 ussi

185 802 366 867 Appius
380 839 392 861 ,
417 810 497 847 aut
516 795 623 844 astu.
645 787 906 838 Decimum
923 781 1004 828 lux
1028 772 1184 826 retulit
1206 784 1355 818 ortum
1371 805 1384 828 ,

185 871 260 920 Ut
277 885 321 918 te
336 907 348 930 ‚
372 882 515 932 quum
536 861 701 923 Capua
721 864 977 903 remearem
998 884 1011 907 ,
1033 841 1227 893 vulnera
1250 836 1344 886 vidi

50 957 112 1011 155
128 958 148 1005 5
189 937 481 987 Mulcentem
498 970 510 992 ‚
536 929 628 977 hoc
643 940 738 974 uno
753 919 956 970 maestum
972 951 983 972 ‚
1011 909 1138 976 quod
1156 906 1280 956 adire
1297 899 1507 967 nequires

187 1003 380 1056 Saucius
406 1000 463 1049 ad
487 1012 673 1049 muros,
699 995 741 1039 &
769 985 931 1037 Martis
954 980 1132 1029 honore
1153 989 1347 1024 careres.

258 1072 434 1120 Contra
451 1083 548 1131 quae
569 1062 727 1111 duetor
744 1097 757 1118 ,
781 1051 893 1104 fesso
919 1046 1036 1099 mihi
1056 1043 1274 1110 proxima
1296 1036 1484 1087 tandem

190 1140 300 1190 Lux
323 1150 472 1205 gratos
498 1125 764 1180 Phaetontis
786 1136 928 1187 equos
950 1113 1114 1165 avertit
1134 1151 1148 1173 ‚
1169 1117 1210 1158 &
1232 1107 1336 1156 atris

193 1206 441 1255 AEternum
462 1197 641 1249 demifit
660 1190 787 1258 aquis
807 1210 817 1238 ε
843 1186 920 1236 sed
939 1184 1065 1232 lenta
1085 1193 1301 1229 meorum

54 1285 156 1346 350
192 1275 327 1323 Dum
350 1285 492 1321 vanos
509 1266 622 1315 ritus
642 1303 655 1325 ,
683 1275 820 1317 cura,
843 1260 886 1304 &
909 1247 1153 1300 sollemnia
1178 1240 1310 1310 vulgi

193 1338 468 1404 Exsequitur
485 1375 497 1397 ‚
521 1330 656 1382 cessat
680 1322 878 1377 flammis
896 1320 1135 1382 imponere
1158 1326 1324 1374 corpus
1339 1347 1353 1370 ‚

193 1408 267 1457 Ut
287 1418 435 1471 portet
453 1399 643 1452 tumulis
663 1412 745 1460 per
770 1393 967 1456 longum
988 1384 1200 1434 membra
1217 1374 1438 1442 paternis}

196 1475 342 1539 Quod
358 1487 404 1522 te
424 1487 505 1535 per
528 1463 665 1516 nostri
692 1457 879 1511 Martis,
902 1468 1087 1517 precor.
1108 1445 1273 1498 aemula
1296 1444 1411 1492 fasta
1430 1479 1446 1503 ,

197 1545 346 1604 Arce,
374 1557 471 1606 quae
494 1549 647 1600 putres
668 1545 815 1587 artus,
842 1516 1150 1572 medicamina
1166 1554 1179 1576 ‚
1202 1512 1398 1561 servant.

62 1619 130 1682 {46
140 1625 160 1672 5
198 1613 369 1673 Daque
393 1622 513 1672 vago
537 1614 691 1665 portas
714 1588 1053 1661 quamprimum
1074 1577 1353 1632 Acherontis
1373 1574 1515 1626 adire-2

262 1677 393 1726 Tum
413 1668 618 1739 juvenis:
641 1681 776 1734 gem,
799 1679 826 1710 o
847 1654 1011 1712 veteris
1031 1648 1340 1717 pulcherrima
1361 1640 1517 1694 Claufi

200 1744 347 1795 Haud
363 1742 458 1791 ulla
473 1753 576 1787 ante
590 1750 717 1784 tuam
732 1771 744 1793 ‚
762 1741 1028 1794 quanquam
1043 1737 1137 1770 non
1150 1732 1293 1782 parva
1304 1713 1517 1778 fatigent,

201 1814 435 1862 Curatum
455 1806 581 1870 prior
605 1797 815 1851 exstiterit
835 1816 847 1845 ι
868 1807 1067 1855 namque
1093 1788 1170 1836 ista
1186 1801 1268 1847 per
1288 1796 1450 1830 omnes
1542 1804 1546 1808 -

201 1879 469 1931 Discrimen
490 1874 637 1921 servat
655 1865 850 1933 populos
867 1901 880 1923 ‚
908 1858 1144 1920 variatque
1169 1847 1408 1917 jacentum

69 1963 168 2018 2470
203 1945 456 2011 Exsequias
478 1937 646 1991 tumuli
666 1941 709 1984 ὃς
727 1932 936 1981 cinerum
958 1921 1180 1973 sententia
1199 1918 1386 1967 discors.

269 2013 490 2068 Tellure,
506 2022 557 2056 ut
578 2001 844 2068 perhibent,
864 1996 900 2044 is
920 2009 1020 2042 mos
1040 1987 1249 2052 antiquus
1268 2025 1279 2046 ,
1305 1979 1438 2032 Iber&
1455 2018 1472 2042 ,

203 2080 433 2132 Exanima
453 2074 694 2126 obscoenus
717 2061 946 2116 consumit
967 2072 1163 2121 corpora
1184 2052 1360 2103 vultur.

206 2148 356 2216 Regia
368 2162 514 2212 quum
528 2143 686 2190 lucem
700 2132 949 2199 posuerunt
961 2126 1188 2179 membra,
1202 2121 1448 2183 probatum
1459 2112 1527 2164 est

206 2215 442 2281 Hyrcanis
465 2209 682 2260 adhibere
706 2218 858 2251 canes.
884 2191 1101 2262 AEgyptia
1119 2189 1255 2238 tellus

76 2301 170 2347 475
210 2283 400 2333 Claudit
428 2279 618 2328 odorato
647 2270 745 2335 post
765 2268 902 2317 funus
930 2260 1085 2312 stantia
1112 2257 1219 2306 saxo

209 2351 446 2416 Corpora,
474 2352 516 2394 &
539 2362 564 2391 a
587 2337 750 2390 mensis
777 2333 1060 2398 exsanguem
1082 2324 1206 2374 haud
1230 2320 1405 2386 separat
1424 2331 1526 2366 um<

411 2419 559 2464 bram.

213 2482 444 2533 Exhausto
462 2473 645 2529 instituit
661 2472 834 2521 Pontus
851 2479 1049 2516 vacuare
1071 2457 1263 2509 cerebro

215 2551 320 2599 Ora
332 2548 485 2598 virum
501 2587 514 2607 ,
534 2551 574 2593 &
591 2543 785 2606 longum
801 2533 1030 2583 medicata
1044 2524 1225 2589 reponit
1241 2521 1287 2570 in
1308 2533 1478 2568 aevum.

218 2615 348 2680 Quid
369 2654 380 2674 ,
410 2615 486 2680 qui
512 2607 690 2661 reclusa
716 2603 861 2653 nudos
891 2600 1201 2649 Garamantes
1221 2584 1360 2635 arena

84 2692 182 2757 480
217 2683 485 2736 Infodiunt?
511 2677 650 2748 quid,
683 2671 763 2741 qui
782 2671 899 2722 saevo
921 2663 1111 2731 sepelire
1130 2653 1366 2725 profundo

39 283 138 342 345
