<?xml version="1.0" encoding="UTF-8"?>
<!DOCTYPE html PUBLIC "-//W3C//DTD XHTML 1.0 Transitional//EN"
    "http://www.w3.org/TR/xhtml1/DTD/xhtml1-transitional.dtd">
<html xmlns="http://www.w3.org/1999/xhtml" xml:lang="en" lang="en">
 <head>
  <title>
</title>
<meta http-equiv="Content-Type" content="text/html;charset=utf-8" />
  <meta name='ocr-system' content='tesseract 3.04.00' />
  <meta name='ocr-capabilities' content='ocr_page ocr_carea ocr_par ocr_line ocrx_word'/>
</head>
<body>
  <div class='ocr_page' id='page_1' title='image "./csiliiitalicideb00sili_0384.png"; bbox 0 0 1627 3056; ppageno 0'>
   <div class='ocr_carea' id='block_1_1' title="bbox 169 161 940 217">
    <p class='ocr_par' dir='ltr' id='par_1_1' title="bbox 169 161 940 217">
     <span class='ocr_line' id='line_1_1' title="bbox 169 161 940 217; baseline -0.008 -7"><span class='ocrx_word' id='word_1_1' title='bbox 169 169 229 217; x_wconf 64' lang='grc' dir='ltr'>τζ</span> <span class='ocrx_word' id='word_1_2' title='bbox 708 161 940 206; x_wconf 57' lang='lat' dir='ltr'>Nora!</span> 
     </span>
    </p>
   </div>
   <div class='ocr_carea' id='block_1_2' title="bbox 216 228 1379 338">
    <p class='ocr_par' dir='ltr' id='par_1_2' title="bbox 216 228 1379 338">
     <span class='ocr_line' id='line_1_2' title="bbox 230 228 1379 285; baseline 0.004 -15"><span class='ocrx_word' id='word_1_3' title='bbox 230 245 323 281; x_wconf 84' lang='lat'>507.</span> <span class='ocrx_word' id='word_1_4' title='bbox 347 228 394 272; x_wconf 75' lang='lat' dir='ltr'>Si</span> <span class='ocrx_word' id='word_1_5' title='bbox 419 241 523 270; x_wconf 78' lang='lat' dir='ltr'>cura.</span> <span class='ocrx_word' id='word_1_6' title='bbox 549 229 672 271; x_wconf 56' lang='lat' dir='ltr'>Recte</span> <span class='ocrx_word' id='word_1_7' title='bbox 691 231 906 284; x_wconf 84' lang='lat' dir='ltr'>Heynfius.</span> <span class='ocrx_word' id='word_1_8' title='bbox 928 230 1110 274; x_wconf 81' lang='lat' dir='ltr'>Absurde</span> <span class='ocrx_word' id='word_1_9' title='bbox 1120 229 1261 285; x_wconf 75' lang='lat' dir='ltr'>secura</span> <span class='ocrx_word' id='word_1_10' title='bbox 1275 229 1379 275; x_wconf 73' lang='lat' dir='ltr'>aliis.</span> 
     </span>
     <span class='ocr_line' id='line_1_3' title="bbox 216 284 733 338; baseline 0 -14"><span class='ocrx_word' id='word_1_11' title='bbox 216 300 320 337; x_wconf 49' lang='grc' dir='ltr'>Ἰςκ).</span> <span class='ocrx_word' id='word_1_12' title='bbox 346 286 490 338; x_wconf 83' lang='lat' dir='ltr'>Virg11.</span> <span class='ocrx_word' id='word_1_13' title='bbox 517 284 614 322; x_wconf 78' lang='lat' dir='ltr'>XII.</span> <span class='ocrx_word' id='word_1_14' title='bbox 646 299 733 334; x_wconf 80' lang='lat'><strong>¹47·</strong></span> 
     </span>
    </p>
   </div>
   <div class='ocr_carea' id='block_1_3' title="bbox 173 334 1492 2768">
    <p class='ocr_par' dir='ltr' id='par_1_3' title="bbox 175 334 1478 441">
     <span class='ocr_line' id='line_1_4' title="bbox 201 334 1478 393; baseline 0.001 -16"><span class='ocrx_word' id='word_1_15' title='bbox 201 341 204 344; x_wconf 72' lang='grc'>“</span> <span class='ocrx_word' id='word_1_16' title='bbox 232 353 323 387; x_wconf 84' lang='lat'>513.</span> <span class='ocrx_word' id='word_1_17' title='bbox 351 338 462 378; x_wconf 75' lang='lat' dir='ltr'>Levi.</span> <span class='ocrx_word' id='word_1_18' title='bbox 492 339 540 377; x_wconf 85' lang='lat' dir='ltr'>C.</span> <span class='ocrx_word' id='word_1_19' title='bbox 568 338 661 379; x_wconf 91' lang='lat' dir='ltr'>Col.</span> <span class='ocrx_word' id='word_1_20' title='bbox 683 338 788 378; x_wconf 82' lang='lat' dir='ltr'>Aliis</span> <span class='ocrx_word' id='word_1_21' title='bbox 807 337 922 393; x_wconf 64' lang='lat' dir='ltr'>jovi,</span> <span class='ocrx_word' id='word_1_22' title='bbox 950 338 1050 378; x_wconf 89' lang='lat' dir='ltr'>utin</span> <span class='ocrx_word' id='word_1_23' title='bbox 1068 338 1256 379; x_wconf 77' lang='lat' dir='ltr'>Homero</span> <span class='ocrx_word' id='word_1_24' title='bbox 1279 338 1328 378; x_wconf 85' lang='lat'>11.</span> <span class='ocrx_word' id='word_1_25' title='bbox 1352 337 1378 379; x_wconf 91' lang='lat' dir='ltr'>l.</span> <span class='ocrx_word' id='word_1_26' title='bbox 1402 334 1478 379; x_wconf 76' lang='lat' dir='ltr'>W.</span> 
     </span>
     <span class='ocr_line' id='line_1_5' title="bbox 175 392 918 441; baseline -0.003 -8"><span class='ocrx_word' id='word_1_27' title='bbox 175 407 240 441; x_wconf 77' lang='lat'>²3.</span> <span class='ocrx_word' id='word_1_28' title='bbox 264 394 292 433; x_wconf 86' lang='lat'>1.</span> <span class='ocrx_word' id='word_1_29' title='bbox 325 393 442 432; x_wconf 83' lang='lat' dir='ltr'>VIII.</span> <span class='ocrx_word' id='word_1_30' title='bbox 462 399 556 441; x_wconf 81' lang='lat'>460.</span> <span class='ocrx_word' id='word_1_31' title='bbox 588 392 655 435; x_wconf 82' lang='lat' dir='ltr'>sed</span> <span class='ocrx_word' id='word_1_32' title='bbox 677 394 744 432; x_wconf 81' lang='lat' dir='ltr'>abs</span> <span class='ocrx_word' id='word_1_33' title='bbox 775 406 816 432; x_wconf 88' lang='lat' dir='ltr'>re</span> <span class='ocrx_word' id='word_1_34' title='bbox 840 392 918 432; x_wconf 73' lang='lat' dir='ltr'>hic.</span> 
     </span>
    </p>

    <p class='ocr_par' dir='ltr' id='par_1_4' title="bbox 173 445 1487 552">
     <span class='ocr_line' id='line_1_6' title="bbox 234 445 1487 501; baseline -0.001 -16"><span class='ocrx_word' id='word_1_35' title='bbox 234 462 251 494; x_wconf 87' lang='grc' dir='ltr'><strong><em>ς</em></strong></span> <span class='ocrx_word' id='word_1_36' title='bbox 264 460 326 493; x_wconf 88' lang='lat'>30.</span> <span class='ocrx_word' id='word_1_37' title='bbox 357 445 607 499; x_wconf 75' lang='lat' dir='ltr'><em>Tisiphonen.</em></span> <span class='ocrx_word' id='word_1_38' title='bbox 628 448 784 488; x_wconf 80' lang='lat' dir='ltr'><strong>Confer</strong></span> <span class='ocrx_word' id='word_1_39' title='bbox 803 447 944 501; x_wconf 78' lang='lat' dir='ltr'>virgil.</span> <span class='ocrx_word' id='word_1_40' title='bbox 962 446 990 486; x_wconf 88' lang='lat' dir='ltr'>l.</span> <span class='ocrx_word' id='word_1_41' title='bbox 1005 446 1100 486; x_wconf 85' lang='lat' dir='ltr'>VII.</span> <span class='ocrx_word' id='word_1_42' title='bbox 1120 461 1136 492; x_wconf 87' lang='lat'>3</span> <span class='ocrx_word' id='word_1_43' title='bbox 1148 460 1192 494; x_wconf 86' lang='lat'>23</span> <span class='ocrx_word' id='word_1_44' title='bbox 1207 459 1240 483; x_wconf 80' lang='lat'>:²</span> <span class='ocrx_word' id='word_1_45' title='bbox 1254 461 1269 493; x_wconf 83' lang='lat'><em>3</em></span> <span class='ocrx_word' id='word_1_46' title='bbox 1281 460 1296 493; x_wconf 82' lang='lat'>3</span> <span class='ocrx_word' id='word_1_47' title='bbox 1308 460 1327 493; x_wconf 77' lang='lat'>5</span> <span class='ocrx_word' id='word_1_48' title='bbox 1339 479 1350 495; x_wconf 91' lang='lat'><em>,</em></span> <span class='ocrx_word' id='word_1_49' title='bbox 1366 449 1406 487; x_wconf 65' lang='grc' dir='ltr'>δέ</span> <span class='ocrx_word' id='word_1_50' title='bbox 1421 446 1487 485; x_wconf 55' lang='lat' dir='ltr'>ib.»</span> 
     </span>
     <span class='ocr_line' id='line_1_7' title="bbox 173 507 381 552; baseline -0.024 -9"><span class='ocrx_word' id='word_1_51' title='bbox 173 509 268 552; x_wconf 77' lang='lat'>408.</span> <span class='ocrx_word' id='word_1_52' title='bbox 292 507 381 547; x_wconf 85' lang='lat'>560.</span> 
     </span>
    </p>

    <p class='ocr_par' dir='ltr' id='par_1_5' title="bbox 173 552 1478 714">
     <span class='ocr_line' id='line_1_8' title="bbox 231 552 1477 608; baseline -0.001 -14"><span class='ocrx_word' id='word_1_53' title='bbox 231 569 320 602; x_wconf 86' lang='lat'>531.</span> <span class='ocrx_word' id='word_1_54' title='bbox 349 554 537 594; x_wconf 84' lang='lat' dir='ltr'><strong><em>Palmam</em></strong></span> <span class='ocrx_word' id='word_1_55' title='bbox 567 557 736 603; x_wconf 77' lang='lat' dir='ltr'>tendens.</span> <span class='ocrx_word' id='word_1_56' title='bbox 764 554 811 593; x_wconf 90' lang='lat' dir='ltr'>In</span> <span class='ocrx_word' id='word_1_57' title='bbox 842 553 1015 608; x_wconf 80' lang='lat' dir='ltr'>antiquis</span> <span class='ocrx_word' id='word_1_58' title='bbox 1043 552 1184 604; x_wconf 63' lang='lat' dir='ltr'><em>palmi</em></span> <span class='ocrx_word' id='word_1_59' title='bbox 1214 557 1394 600; x_wconf 79' lang='lat' dir='ltr'>tendens,</span> <span class='ocrx_word' id='word_1_60' title='bbox 1425 566 1477 593; x_wconf 81' lang='lat' dir='ltr'>ex</span> 
     </span>
     <span class='ocr_line' id='line_1_9' title="bbox 173 606 1478 662; baseline -0.002 -13"><span class='ocrx_word' id='word_1_61' title='bbox 173 622 258 662; x_wconf 82' lang='lat' dir='ltr'>quo</span> <span class='ocrx_word' id='word_1_62' title='bbox 292 608 397 647; x_wconf 79' lang='lat' dir='ltr'>male</span> <span class='ocrx_word' id='word_1_63' title='bbox 427 609 624 658; x_wconf 77' lang='lat' dir='ltr'>palmas;</span> <span class='ocrx_word' id='word_1_64' title='bbox 658 613 696 649; x_wconf 68' lang='grc' dir='ltr'>ὃς</span> <span class='ocrx_word' id='word_1_65' title='bbox 719 609 810 647; x_wconf 87' lang='lat' dir='ltr'>hinc</span> <span class='ocrx_word' id='word_1_66' title='bbox 836 609 964 648; x_wconf 85' lang='lat' dir='ltr'>levius</span> <span class='ocrx_word' id='word_1_67' title='bbox 984 608 1124 659; x_wconf 76' lang='lat' dir='ltr'><em>palma</em></span> <span class='ocrx_word' id='word_1_68' title='bbox 1155 606 1356 657; x_wconf 79' lang='lat' dir='ltr'>ostendens</span> <span class='ocrx_word' id='word_1_69' title='bbox 1390 611 1478 647; x_wconf 76' lang='lat' dir='ltr'>vuit</span> 
     </span>
     <span class='ocr_line' id='line_1_10' title="bbox 173 661 894 714; baseline -0.003 -10"><span class='ocrx_word' id='word_1_70' title='bbox 173 662 387 714; x_wconf 81' lang='lat' dir='ltr'>Heynfius.</span> <span class='ocrx_word' id='word_1_71' title='bbox 414 662 520 701; x_wconf 87' lang='lat' dir='ltr'>Vide</span> <span class='ocrx_word' id='word_1_72' title='bbox 547 676 634 714; x_wconf 79' lang='lat' dir='ltr'>quae</span> <span class='ocrx_word' id='word_1_73' title='bbox 663 661 713 700; x_wconf 89' lang='lat' dir='ltr'>ad</span> <span class='ocrx_word' id='word_1_74' title='bbox 739 677 777 700; x_wconf 88' lang='lat' dir='ltr'>v.</span> <span class='ocrx_word' id='word_1_75' title='bbox 802 670 894 702; x_wconf 86' lang='lat'>208.</span> 
     </span>
    </p>

    <p class='ocr_par' dir='ltr' id='par_1_6' title="bbox 175 712 1478 822">
     <span class='ocr_line' id='line_1_11' title="bbox 232 712 1478 768; baseline -0.004 -13"><span class='ocrx_word' id='word_1_76' title='bbox 232 731 320 764; x_wconf 79' lang='lat'>550.</span> <span class='ocrx_word' id='word_1_77' title='bbox 347 715 617 766; x_wconf 81' lang='lat' dir='ltr'>Circumstant.</span> <span class='ocrx_word' id='word_1_78' title='bbox 655 716 717 754; x_wconf 90' lang='lat' dir='ltr'>Sic</span> <span class='ocrx_word' id='word_1_79' title='bbox 748 717 881 768; x_wconf 79' lang='lat' dir='ltr'>scripti</span> <span class='ocrx_word' id='word_1_80' title='bbox 910 716 962 754; x_wconf 87' lang='lat' dir='ltr'>R.</span> <span class='ocrx_word' id='word_1_81' title='bbox 996 727 1033 753; x_wconf 87' lang='lat'>2.</span> <span class='ocrx_word' id='word_1_82' title='bbox 1060 713 1167 753; x_wconf 83' lang='lat' dir='ltr'>Aliis</span> <span class='ocrx_word' id='word_1_83' title='bbox 1200 712 1444 753; x_wconf 76' lang='lat' dir='ltr'><em>circumdant</em></span> <span class='ocrx_word' id='word_1_84' title='bbox 1462 744 1478 760; x_wconf 84' lang='lat'><em>,</em></span> 
     </span>
     <span class='ocr_line' id='line_1_12' title="bbox 175 767 1478 822; baseline -0.002 -13"><span class='ocrx_word' id='word_1_85' title='bbox 175 771 309 809; x_wconf 81' lang='lat' dir='ltr'>minus</span> <span class='ocrx_word' id='word_1_86' title='bbox 333 783 438 822; x_wconf 87' lang='lat' dir='ltr'>apte.</span> <span class='ocrx_word' id='word_1_87' title='bbox 462 771 631 809; x_wconf 79' lang='lat' dir='ltr'>Variam</span> <span class='ocrx_word' id='word_1_88' title='bbox 655 769 835 822; x_wconf 84' lang='lat' dir='ltr'>antiqui,</span> <span class='ocrx_word' id='word_1_89' title='bbox 859 769 959 808; x_wconf 85' lang='lat' dir='ltr'>mihi</span> <span class='ocrx_word' id='word_1_90' title='bbox 985 769 1112 819; x_wconf 78' lang='lat' dir='ltr'>placet</span> <span class='ocrx_word' id='word_1_91' title='bbox 1134 783 1143 807; x_wconf 73' lang='grc' dir='ltr'><strong><em>ε</em></strong></span> <span class='ocrx_word' id='word_1_92' title='bbox 1164 767 1211 807; x_wconf 85' lang='lat' dir='ltr'>fic</span> <span class='ocrx_word' id='word_1_93' title='bbox 1230 768 1327 806; x_wconf 84' lang='lat' dir='ltr'>edit.</span> <span class='ocrx_word' id='word_1_94' title='bbox 1351 767 1478 807; x_wconf 73' lang='lat' dir='ltr'>Drak-</span> 
     </span>
    </p>

    <p class='ocr_par' dir='ltr' id='par_1_7' title="bbox 174 821 1484 918">
     <span class='ocr_line' id='line_1_13' title="bbox 231 821 1484 875; baseline -0.002 -12"><span class='ocrx_word' id='word_1_95' title='bbox 231 839 324 875; x_wconf 85' lang='lat'>557.</span> <span class='ocrx_word' id='word_1_96' title='bbox 351 825 510 864; x_wconf 66' lang='lat' dir='ltr'>induta.</span> <span class='ocrx_word' id='word_1_97' title='bbox 534 827 583 866; x_wconf 87' lang='lat' dir='ltr'>C.</span> <span class='ocrx_word' id='word_1_98' title='bbox 613 824 657 863; x_wconf 90' lang='lat' dir='ltr'>P.</span> <span class='ocrx_word' id='word_1_99' title='bbox 687 824 853 864; x_wconf 73' lang='grc' dir='ltr'><em>Ιηάαᾶα</em></span> <span class='ocrx_word' id='word_1_100' title='bbox 871 855 882 873; x_wconf 92' lang='lat'><em>‚</em></span> <span class='ocrx_word' id='word_1_101' title='bbox 909 835 952 863; x_wconf 88' lang='lat' dir='ltr'>ut</span> <span class='ocrx_word' id='word_1_102' title='bbox 978 823 1020 861; x_wconf 83' lang='lat' dir='ltr'>in</span> <span class='ocrx_word' id='word_1_103' title='bbox 1043 823 1192 862; x_wconf 83' lang='lat' dir='ltr'>Horat.</span> <span class='ocrx_word' id='word_1_104' title='bbox 1219 823 1346 861; x_wconf 81' lang='lat' dir='ltr'>varias</span> <span class='ocrx_word' id='word_1_105' title='bbox 1370 821 1484 861; x_wconf 79' lang='lat' dir='ltr'>indu·</span> 
     </span>
     <span class='ocr_line' id='line_1_14' title="bbox 174 879 447 918; baseline -0.007 0"><span class='ocrx_word' id='word_1_106' title='bbox 174 892 257 918; x_wconf 72' lang='lat' dir='ltr'>cere</span> <span class='ocrx_word' id='word_1_107' title='bbox 283 879 447 918; x_wconf 83' lang='lat' dir='ltr'>formas.</span> 
     </span>
    </p>

    <p class='ocr_par' dir='ltr' id='par_1_8' title="bbox 236 929 1109 983">
     <span class='ocr_line' id='line_1_15' title="bbox 236 929 1109 983; baseline 0 -13"><span class='ocrx_word' id='word_1_108' title='bbox 236 940 326 979; x_wconf 82' lang='lat'>561.</span> <span class='ocrx_word' id='word_1_109' title='bbox 352 931 442 972; x_wconf 82' lang='lat' dir='ltr'>Sat.</span> <span class='ocrx_word' id='word_1_110' title='bbox 469 929 743 983; x_wconf 81' lang='lat' dir='ltr'>Vi1·gil.l.11.</span> <span class='ocrx_word' id='word_1_111' title='bbox 763 929 902 976; x_wconf 87' lang='grc'><strong>291.1.</strong></span> <span class='ocrx_word' id='word_1_112' title='bbox 927 931 998 969; x_wconf 83' lang='lat' dir='ltr'>IX.</span> <span class='ocrx_word' id='word_1_113' title='bbox 1021 944 1109 976; x_wconf 85' lang='lat'>135.</span> 
     </span>
    </p>

    <p class='ocr_par' dir='ltr' id='par_1_9' title="bbox 175 980 1485 1412">
     <span class='ocr_line' id='line_1_16' title="bbox 236 980 1478 1038; baseline -0.004 -12"><span class='ocrx_word' id='word_1_114' title='bbox 236 994 324 1033; x_wconf 81' lang='lat'>562.</span> <span class='ocrx_word' id='word_1_115' title='bbox 342 986 538 1026; x_wconf 71' lang='lat' dir='ltr'>Lacerato</span> <span class='ocrx_word' id='word_1_116' title='bbox 556 983 725 1024; x_wconf 77' lang='lat' dir='ltr'>vulnere.</span> <span class='ocrx_word' id='word_1_117' title='bbox 745 985 816 1024; x_wconf 88' lang='lat' dir='ltr'>An</span> <span class='ocrx_word' id='word_1_118' title='bbox 837 996 881 1024; x_wconf 77' lang='lat' dir='ltr'>ut</span> <span class='ocrx_word' id='word_1_119' title='bbox 901 984 945 1023; x_wconf 81' lang='lat' dir='ltr'>in</span> <span class='ocrx_word' id='word_1_120' title='bbox 962 985 1136 1038; x_wconf 75' lang='lat' dir='ltr'>Virgilio</span> <span class='ocrx_word' id='word_1_121' title='bbox 1155 983 1323 1024; x_wconf 77' lang='lat' dir='ltr'>lacerum</span> <span class='ocrx_word' id='word_1_122' title='bbox 1336 980 1478 1034; x_wconf 80' lang='lat' dir='ltr'>fimus,</span> 
     </span>
     <span class='ocr_line' id='line_1_17' title="bbox 175 1038 1484 1093; baseline -0.005 -13"><span class='ocrx_word' id='word_1_123' title='bbox 175 1038 204 1080; x_wconf 79' lang='lat' dir='ltr'>I.</span> <span class='ocrx_word' id='word_1_124' title='bbox 233 1041 302 1081; x_wconf 83' lang='lat' dir='ltr'>IX.</span> <span class='ocrx_word' id='word_1_125' title='bbox 320 1055 416 1090; x_wconf 88' lang='lat'>491.</span> <span class='ocrx_word' id='word_1_126' title='bbox 443 1041 642 1093; x_wconf 78' lang='lat' dir='ltr'>legeretur</span> <span class='ocrx_word' id='word_1_127' title='bbox 667 1038 841 1079; x_wconf 76' lang='lat' dir='ltr'>lacerato</span> <span class='ocrx_word' id='word_1_128' title='bbox 860 1039 1033 1090; x_wconf 71' lang='lat' dir='ltr'>fimet-e?</span> <span class='ocrx_word' id='word_1_129' title='bbox 1065 1038 1279 1079; x_wconf 85' lang='lat' dir='ltr'>Alternant</span> <span class='ocrx_word' id='word_1_130' title='bbox 1307 1039 1404 1090; x_wconf 83' lang='lat' dir='ltr'>saepe</span> <span class='ocrx_word' id='word_1_131' title='bbox 1441 1049 1484 1075; x_wconf 88' lang='lat' dir='ltr'>ut</span> 
     </span>
     <span class='ocr_line' id='line_1_18' title="bbox 176 1089 1485 1188; baseline -0.002 -55"><span class='ocrx_word' id='word_1_132' title='bbox 176 1094 268 1188; x_wconf 42' lang='lat' dir='ltr'>{iix-i</span> <span class='ocrx_word' id='word_1_133' title='bbox 301 1095 442 1137; x_wconf 70' lang='lat' dir='ltr'>vulnus</span> <span class='ocrx_word' id='word_1_134' title='bbox 462 1094 622 1146; x_wconf 78' lang='lat' dir='ltr'>,fimus</span> <span class='ocrx_word' id='word_1_135' title='bbox 653 1093 695 1132; x_wconf 91' lang='lat' dir='ltr'>in</span> <span class='ocrx_word' id='word_1_136' title='bbox 727 1094 893 1146; x_wconf 82' lang='lat' dir='ltr'>scriptis.</span> <span class='ocrx_word' id='word_1_137' title='bbox 925 1093 1062 1133; x_wconf 83' lang='lat' dir='ltr'>Placet</span> <span class='ocrx_word' id='word_1_138' title='bbox 1096 1093 1196 1131; x_wconf 84' lang='lat' dir='ltr'>mihi</span> <span class='ocrx_word' id='word_1_139' title='bbox 1217 1093 1357 1143; x_wconf 79' lang='lat' dir='ltr'>fitnere</span> <span class='ocrx_word' id='word_1_140' title='bbox 1377 1122 1392 1139; x_wconf 92' lang='lat'><em>,</em></span> <span class='ocrx_word' id='word_1_141' title='bbox 1421 1089 1485 1130; x_wconf 78' lang='lat' dir='ltr'>hic</span> 
     </span>
     <span class='ocr_line' id='line_1_19' title="bbox 193 1162 272 1189; baseline 0 0"><span class='ocrx_word' id='word_1_142' title='bbox 193 1162 272 1189; x_wconf 78' lang='lat' dir='ltr'>ocx.</span> 
     </span>
     <span class='ocr_line' id='line_1_20' title="bbox 178 1197 1485 1311; baseline -0.004 -15"><span class='ocrx_word' id='word_1_143' title='bbox 178 1257 222 1296; x_wconf 75' lang='lat' dir='ltr'>in</span> <span class='ocrx_word' id='word_1_144' title='bbox 242 1197 1407 1311; x_wconf 43' lang='lat' dir='ltr'>{iz-rssfgfj-zmffiffflsssx222..Kisa.Vfffeflzssffiknss</span> <span class='ocrx_word' id='word_1_145' title='bbox 1419 1211 1485 1291; x_wconf 60' lang='grc' dir='ltr'>ἷξε</span> 
     </span>
     <span class='ocr_line' id='line_1_21' title="bbox 178 1307 1483 1364; baseline -0.004 -15"><span class='ocrx_word' id='word_1_146' title='bbox 178 1311 452 1364; x_wconf 70' lang='lat' dir='ltr'>antiquiffimae</span> <span class='ocrx_word' id='word_1_147' title='bbox 482 1309 637 1350; x_wconf 81' lang='lat' dir='ltr'>formae.</span> <span class='ocrx_word' id='word_1_148' title='bbox 665 1310 725 1348; x_wconf 89' lang='lat' dir='ltr'>Sic</span> <span class='ocrx_word' id='word_1_149' title='bbox 750 1310 819 1348; x_wconf 84' lang='lat' dir='ltr'>alii</span> <span class='ocrx_word' id='word_1_150' title='bbox 852 1322 894 1348; x_wconf 85' lang='lat' dir='ltr'>ut</span> <span class='ocrx_word' id='word_1_151' title='bbox 919 1309 962 1347; x_wconf 88' lang='lat' dir='ltr'>in</span> <span class='ocrx_word' id='word_1_152' title='bbox 989 1307 1187 1360; x_wconf 74' lang='lat' dir='ltr'>Virgilio,</span> <span class='ocrx_word' id='word_1_153' title='bbox 1213 1308 1261 1345; x_wconf 87' lang='lat' dir='ltr'>X.</span> <span class='ocrx_word' id='word_1_154' title='bbox 1285 1313 1377 1356; x_wconf 85' lang='lat'>641.</span> <span class='ocrx_word' id='word_1_155' title='bbox 1402 1307 1483 1346; x_wconf 87' lang='lat' dir='ltr'>Lu-</span> 
     </span>
     <span class='ocr_line' id='line_1_22' title="bbox 177 1364 509 1412; baseline -0.009 -7"><span class='ocrx_word' id='word_1_156' title='bbox 177 1366 332 1412; x_wconf 87' lang='lat' dir='ltr'>cretio,</span> <span class='ocrx_word' id='word_1_157' title='bbox 358 1364 390 1403; x_wconf 88' lang='lat'>1.</span> <span class='ocrx_word' id='word_1_158' title='bbox 420 1372 509 1409; x_wconf 85' lang='lat'>136.</span> 
     </span>
    </p>

    <p class='ocr_par' dir='ltr' id='par_1_10' title="bbox 179 1411 1485 1579">
     <span class='ocr_line' id='line_1_23' title="bbox 236 1411 1485 1469; baseline -0.005 -11"><span class='ocrx_word' id='word_1_159' title='bbox 236 1427 328 1469; x_wconf 82' lang='lat'>578.</span> <span class='ocrx_word' id='word_1_160' title='bbox 352 1417 529 1468; x_wconf 80' lang='lat' dir='ltr'>Profert.</span> <span class='ocrx_word' id='word_1_161' title='bbox 555 1417 663 1458; x_wconf 74' lang='lat' dir='ltr'>Male</span> <span class='ocrx_word' id='word_1_162' title='bbox 687 1417 840 1469; x_wconf 85' lang='lat' dir='ltr'>Heyns.</span> <span class='ocrx_word' id='word_1_163' title='bbox 863 1416 1040 1468; x_wconf 72' lang='lat' dir='ltr'>proefi’rt.</span> <span class='ocrx_word' id='word_1_164' title='bbox 1068 1414 1256 1466; x_wconf 63' lang='lat' dir='ltr'>Proferre</span> <span class='ocrx_word' id='word_1_165' title='bbox 1277 1413 1330 1452; x_wconf 88' lang='lat' dir='ltr'>est</span> <span class='ocrx_word' id='word_1_166' title='bbox 1342 1411 1485 1464; x_wconf 78' lang='lat' dir='ltr'>palam.</span> 
     </span>
     <span class='ocr_line' id='line_1_24' title="bbox 179 1478 387 1514; baseline -0.005 -2"><span class='ocrx_word' id='word_1_167' title='bbox 179 1487 202 1512; x_wconf 82' lang='lat' dir='ltr'>o</span> <span class='ocrx_word' id='word_1_168' title='bbox 240 1478 387 1514; x_wconf 77' lang='lat' dir='ltr'>endere.</span> 
     </span>
     <span class='ocr_line' id='line_1_25' title="bbox 194 1472 1189 1579; baseline -0.005 -13"><span class='ocrx_word' id='word_1_169' title='bbox 194 1472 327 1575; x_wconf 76' lang='lat' dir='ltr'>st585.</span> <span class='ocrx_word' id='word_1_170' title='bbox 357 1525 567 1566; x_wconf 64' lang='lat' dir='ltr'>Caruleus.</span> <span class='ocrx_word' id='word_1_171' title='bbox 591 1524 736 1579; x_wconf 81' lang='lat' dir='ltr'>Virgil.</span> <span class='ocrx_word' id='word_1_172' title='bbox 761 1525 785 1564; x_wconf 85' lang='lat' dir='ltr'>l.</span> <span class='ocrx_word' id='word_1_173' title='bbox 802 1524 852 1565; x_wconf 90' lang='lat' dir='ltr'>V.</span> <span class='ocrx_word' id='word_1_174' title='bbox 876 1533 939 1574; x_wconf 81' lang='lat'>84.</span> <span class='ocrx_word' id='word_1_175' title='bbox 965 1523 992 1563; x_wconf 88' lang='lat' dir='ltr'>l.</span> <span class='ocrx_word' id='word_1_176' title='bbox 1016 1523 1070 1563; x_wconf 90' lang='grc' dir='ltr'><strong>ῙῙ.</strong></span> <span class='ocrx_word' id='word_1_177' title='bbox 1098 1536 1189 1562; x_wconf 86' lang='grc'><strong>210.</strong></span> 
     </span>
    </p>

    <p class='ocr_par' dir='ltr' id='par_1_11' title="bbox 178 1574 1488 1687">
     <span class='ocr_line' id='line_1_26' title="bbox 233 1574 1488 1631; baseline -0.006 -10"><span class='ocrx_word' id='word_1_178' title='bbox 233 1595 325 1628; x_wconf 80' lang='lat'>59²·</span> <span class='ocrx_word' id='word_1_179' title='bbox 340 1579 508 1631; x_wconf 76' lang='lat' dir='ltr'>Excussi</span> <span class='ocrx_word' id='word_1_180' title='bbox 521 1591 696 1621; x_wconf 81' lang='lat' dir='ltr'><em>mentem.</em></span> <span class='ocrx_word' id='word_1_181' title='bbox 714 1583 763 1619; x_wconf 86' lang='lat' dir='ltr'>In</span> <span class='ocrx_word' id='word_1_182' title='bbox 779 1579 956 1631; x_wconf 81' lang='lat' dir='ltr'>pluribus</span> <span class='ocrx_word' id='word_1_183' title='bbox 970 1578 1143 1630; x_wconf 77' lang='lat' dir='ltr'>antiquis</span> <span class='ocrx_word' id='word_1_184' title='bbox 1162 1574 1304 1627; x_wconf 77' lang='lat' dir='ltr'>excuffz</span> <span class='ocrx_word' id='word_1_185' title='bbox 1316 1584 1488 1615; x_wconf 71' lang='lat' dir='ltr'>amentes</span> 
     </span>
     <span class='ocr_line' id='line_1_27' title="bbox 178 1630 1405 1687; baseline -0.003 -13"><span class='ocrx_word' id='word_1_186' title='bbox 178 1634 340 1675; x_wconf 84' lang='lat' dir='ltr'>vitiose.</span> <span class='ocrx_word' id='word_1_187' title='bbox 372 1636 477 1687; x_wconf 81' lang='lat' dir='ltr'>Lege</span> <span class='ocrx_word' id='word_1_188' title='bbox 502 1648 552 1675; x_wconf 84' lang='lat' dir='ltr'>ex</span> <span class='ocrx_word' id='word_1_189' title='bbox 581 1633 821 1675; x_wconf 84' lang='lat' dir='ltr'>hellenismo</span> <span class='ocrx_word' id='word_1_190' title='bbox 842 1632 1069 1673; x_wconf 83' lang='lat' dir='ltr'>Homerico</span> <span class='ocrx_word' id='word_1_191' title='bbox 1095 1632 1256 1685; x_wconf 70' lang='grc' dir='ltr'>ἑξεπλίιγκ</span> <span class='ocrx_word' id='word_1_192' title='bbox 1277 1630 1405 1684; x_wconf 55' lang='grc' dir='ltr'><strong>φρένας.</strong></span> 
     </span>
    </p>

    <p class='ocr_par' dir='ltr' id='par_1_12' title="bbox 178 1683 1484 1791">
     <span class='ocr_line' id='line_1_28' title="bbox 178 1683 1484 1738; baseline -0.005 -10"><span class='ocrx_word' id='word_1_193' title='bbox 178 1688 230 1729; x_wconf 81' lang='lat'>11.</span> <span class='ocrx_word' id='word_1_194' title='bbox 256 1688 370 1728; x_wconf 86' lang='lat' dir='ltr'>XIII.</span> <span class='ocrx_word' id='word_1_195' title='bbox 402 1703 491 1737; x_wconf 84' lang='lat'>394.</span> <span class='ocrx_word' id='word_1_196' title='bbox 522 1689 584 1727; x_wconf 90' lang='lat' dir='ltr'>Sic</span> <span class='ocrx_word' id='word_1_197' title='bbox 605 1689 677 1727; x_wconf 89' lang='lat' dir='ltr'>Sil.</span> <span class='ocrx_word' id='word_1_198' title='bbox 705 1690 731 1726; x_wconf 88' lang='lat'>1.</span> <span class='ocrx_word' id='word_1_199' title='bbox 759 1688 806 1725; x_wconf 89' lang='lat' dir='ltr'>V.</span> <span class='ocrx_word' id='word_1_200' title='bbox 838 1701 900 1735; x_wconf 83' lang='lat'>54.</span> <span class='ocrx_word' id='word_1_201' title='bbox 925 1687 951 1724; x_wconf 93' lang='lat' dir='ltr'>l.</span> <span class='ocrx_word' id='word_1_202' title='bbox 978 1686 1050 1723; x_wconf 81' lang='lat' dir='ltr'>IX.</span> <span class='ocrx_word' id='word_1_203' title='bbox 1071 1693 1165 1736; x_wconf 80' lang='lat'>644.</span> <span class='ocrx_word' id='word_1_204' title='bbox 1192 1685 1302 1724; x_wconf 81' lang='lat' dir='ltr'>Aliis</span> <span class='ocrx_word' id='word_1_205' title='bbox 1322 1683 1484 1738; x_wconf 80' lang='lat' dir='ltr'>excuffae</span> 
     </span>
     <span class='ocr_line' id='line_1_29' title="bbox 179 1740 1407 1791; baseline -0.006 -8"><span class='ocrx_word' id='word_1_206' title='bbox 179 1754 358 1790; x_wconf 78' lang='lat' dir='ltr'>mentes,</span> <span class='ocrx_word' id='word_1_207' title='bbox 383 1756 426 1781; x_wconf 88' lang='lat' dir='ltr'>ut</span> <span class='ocrx_word' id='word_1_208' title='bbox 449 1743 491 1780; x_wconf 87' lang='lat' dir='ltr'>in</span> <span class='ocrx_word' id='word_1_209' title='bbox 519 1743 614 1781; x_wconf 87' lang='lat' dir='ltr'>Stat.</span> <span class='ocrx_word' id='word_1_210' title='bbox 641 1742 770 1779; x_wconf 77' lang='lat' dir='ltr'>Theb.</span> <span class='ocrx_word' id='word_1_211' title='bbox 793 1740 819 1778; x_wconf 82' lang='lat'>1.</span> <span class='ocrx_word' id='word_1_212' title='bbox 843 1740 920 1778; x_wconf 86' lang='lat' dir='ltr'>III.</span> <span class='ocrx_word' id='word_1_213' title='bbox 946 1752 1011 1784; x_wconf 87' lang='lat'>92·</span> <span class='ocrx_word' id='word_1_214' title='bbox 1036 1740 1166 1778; x_wconf 85' lang='lat' dir='ltr'>minus</span> <span class='ocrx_word' id='word_1_215' title='bbox 1189 1741 1407 1791; x_wconf 82' lang='lat' dir='ltr'>eleganter.</span> 
     </span>
    </p>

    <p class='ocr_par' dir='ltr' id='par_1_13' title="bbox 179 1790 1484 1898">
     <span class='ocr_line' id='line_1_30' title="bbox 234 1790 1484 1847; baseline -0.004 -10"><span class='ocrx_word' id='word_1_216' title='bbox 234 1810 326 1846; x_wconf 84' lang='lat'>594.</span> <span class='ocrx_word' id='word_1_217' title='bbox 358 1794 527 1847; x_wconf 62' lang='lat' dir='ltr'>Sperat-e</span> <span class='ocrx_word' id='word_1_218' title='bbox 549 1793 688 1847; x_wconf 76' lang='lat' dir='ltr'>saluti.</span> <span class='ocrx_word' id='word_1_219' title='bbox 722 1792 784 1832; x_wconf 92' lang='lat' dir='ltr'>Ut</span> <span class='ocrx_word' id='word_1_220' title='bbox 813 1792 840 1831; x_wconf 90' lang='lat' dir='ltr'>l.</span> <span class='ocrx_word' id='word_1_221' title='bbox 870 1794 918 1831; x_wconf 91' lang='lat' dir='ltr'>X.</span> <span class='ocrx_word' id='word_1_222' title='bbox 956 1798 1047 1838; x_wconf 88' lang='lat'>629.</span> <span class='ocrx_word' id='word_1_223' title='bbox 1089 1792 1349 1844; x_wconf 71' lang='lat' dir='ltr'>desperaverit</span> <span class='ocrx_word' id='word_1_224' title='bbox 1383 1790 1484 1832; x_wconf 82' lang='lat' dir='ltr'>urbi.</span> 
     </span>
     <span class='ocr_line' id='line_1_31' title="bbox 179 1845 1240 1898; baseline -0.007 -6"><span class='ocrx_word' id='word_1_225' title='bbox 179 1849 437 1892; x_wconf 74' lang='lat' dir='ltr'>Hellenismo</span> <span class='ocrx_word' id='word_1_226' title='bbox 454 1880 464 1897; x_wconf 90' lang='lat'>‚</span> <span class='ocrx_word' id='word_1_227' title='bbox 491 1862 534 1888; x_wconf 79' lang='lat' dir='ltr'>Ut</span> <span class='ocrx_word' id='word_1_228' title='bbox 558 1851 599 1887; x_wconf 87' lang='lat' dir='ltr'>in</span> <span class='ocrx_word' id='word_1_229' title='bbox 627 1845 868 1898; x_wconf 82' lang='lat' dir='ltr'>Thucydide</span> <span class='ocrx_word' id='word_1_230' title='bbox 891 1847 1044 1886; x_wconf 69' lang='grc' dir='ltr'>ἐλπισοις</span> <span class='ocrx_word' id='word_1_231' title='bbox 1069 1848 1108 1884; x_wconf 59' lang='grc' dir='ltr'>τῆ</span> <span class='ocrx_word' id='word_1_232' title='bbox 1135 1848 1240 1896; x_wconf 65' lang='grc' dir='ltr'><strong>τύχῃ.</strong></span> 
     </span>
    </p>

    <p class='ocr_par' dir='ltr' id='par_1_14' title="bbox 176 1900 1487 2010">
     <span class='ocr_line' id='line_1_32' title="bbox 239 1900 1487 1955; baseline -0.003 -12"><span class='ocrx_word' id='word_1_233' title='bbox 239 1917 330 1955; x_wconf 87' lang='lat'>597.</span> <span class='ocrx_word' id='word_1_234' title='bbox 354 1903 555 1954; x_wconf 79' lang='lat' dir='ltr'>Proserre.</span> <span class='ocrx_word' id='word_1_235' title='bbox 576 1902 625 1940; x_wconf 87' lang='lat' dir='ltr'>In</span> <span class='ocrx_word' id='word_1_236' title='bbox 650 1902 699 1940; x_wconf 78' lang='lat' dir='ltr'>R.</span> <span class='ocrx_word' id='word_1_237' title='bbox 724 1914 761 1938; x_wconf 89' lang='lat'>2.</span> <span class='ocrx_word' id='word_1_238' title='bbox 781 1904 820 1939; x_wconf 68' lang='grc' dir='ltr'>ὃ(</span> <span class='ocrx_word' id='word_1_239' title='bbox 839 1913 871 1938; x_wconf 84' lang='lat' dir='ltr'>c.</span> <span class='ocrx_word' id='word_1_240' title='bbox 893 1900 1137 1951; x_wconf 80' lang='lat' dir='ltr'>P.perferre.</span> <span class='ocrx_word' id='word_1_241' title='bbox 1158 1900 1237 1940; x_wconf 86' lang='lat' dir='ltr'>Sed</span> <span class='ocrx_word' id='word_1_242' title='bbox 1253 1913 1364 1951; x_wconf 74' lang='lat' dir='ltr'>pra,</span> <span class='ocrx_word' id='word_1_243' title='bbox 1382 1913 1487 1951; x_wconf 79' lang='lat' dir='ltr'>pro,</span> 
     </span>
     <span class='ocr_line' id='line_1_33' title="bbox 176 1954 944 2010; baseline -0.007 -12"><span class='ocrx_word' id='word_1_244' title='bbox 176 1972 252 2009; x_wconf 80' lang='lat' dir='ltr'>per</span> <span class='ocrx_word' id='word_1_245' title='bbox 278 1958 437 2010; x_wconf 77' lang='lat' dir='ltr'>singulis</span> <span class='ocrx_word' id='word_1_246' title='bbox 471 1956 555 1996; x_wconf 83' lang='lat' dir='ltr'>fere</span> <span class='ocrx_word' id='word_1_247' title='bbox 580 1956 746 1995; x_wconf 87' lang='lat' dir='ltr'>vocibus</span> <span class='ocrx_word' id='word_1_248' title='bbox 773 1954 944 1993; x_wconf 81' lang='lat' dir='ltr'>variant.</span> 
     </span>
    </p>

    <p class='ocr_par' dir='ltr' id='par_1_15' title="bbox 237 2007 1410 2062">
     <span class='ocr_line' id='line_1_34' title="bbox 237 2007 1410 2062; baseline -0.004 -10"><span class='ocrx_word' id='word_1_249' title='bbox 237 2020 331 2061; x_wconf 78' lang='lat'>598.</span> <span class='ocrx_word' id='word_1_250' title='bbox 353 2011 512 2052; x_wconf 72' lang='lat' dir='ltr'>lucem.</span> <span class='ocrx_word' id='word_1_251' title='bbox 539 2010 586 2049; x_wconf 85' lang='lat' dir='ltr'>In</span> <span class='ocrx_word' id='word_1_252' title='bbox 612 2024 644 2049; x_wconf 88' lang='lat' dir='ltr'>c.</span> <span class='ocrx_word' id='word_1_253' title='bbox 667 2009 712 2049; x_wconf 82' lang='grc' dir='ltr'>Ρ.</span> <span class='ocrx_word' id='word_1_254' title='bbox 736 2007 820 2047; x_wconf 80' lang='lat' dir='ltr'>luce</span> <span class='ocrx_word' id='word_1_255' title='bbox 846 2020 920 2046; x_wconf 87' lang='lat' dir='ltr'>nec</span> <span class='ocrx_word' id='word_1_256' title='bbox 945 2007 1051 2046; x_wconf 86' lang='lat' dir='ltr'>male</span> <span class='ocrx_word' id='word_1_257' title='bbox 1079 2023 1089 2046; x_wconf 76' lang='grc' dir='ltr'><strong><em>ε</em></strong></span> <span class='ocrx_word' id='word_1_258' title='bbox 1115 2008 1188 2048; x_wconf 81' lang='lat' dir='ltr'>nisi</span> <span class='ocrx_word' id='word_1_259' title='bbox 1210 2021 1284 2062; x_wconf 88' lang='lat' dir='ltr'>pro</span> <span class='ocrx_word' id='word_1_260' title='bbox 1309 2007 1410 2048; x_wconf 78' lang='grc' dir='ltr'><strong>Ζιιεῖ.</strong></span> 
     </span>
    </p>

    <p class='ocr_par' dir='ltr' id='par_1_16' title="bbox 233 2060 1091 2119">
     <span class='ocr_line' id='line_1_35' title="bbox 233 2060 1091 2119; baseline -0.006 -14"><span class='ocrx_word' id='word_1_261' title='bbox 233 2074 327 2107; x_wconf 85' lang='grc'><strong>600.</strong></span> <span class='ocrx_word' id='word_1_262' title='bbox 351 2065 504 2119; x_wconf 74' lang='lat' dir='ltr'>Rogas.</span> <span class='ocrx_word' id='word_1_263' title='bbox 530 2064 683 2105; x_wconf 82' lang='lat' dir='ltr'>Confer</span> <span class='ocrx_word' id='word_1_264' title='bbox 708 2062 811 2101; x_wconf 82' lang='lat' dir='ltr'>Livi.</span> <span class='ocrx_word' id='word_1_265' title='bbox 833 2060 942 2100; x_wconf 90' lang='lat' dir='ltr'>XXI.</span> <span class='ocrx_word' id='word_1_266' title='bbox 968 2074 999 2100; x_wconf 86' lang='lat' dir='ltr'>c.</span> <span class='ocrx_word' id='word_1_267' title='bbox 1025 2074 1091 2111; x_wconf 87' lang='lat'>24.</span> 
     </span>
    </p>

    <p class='ocr_par' dir='ltr' id='par_1_17' title="bbox 179 2115 1491 2277">
     <span class='ocr_line' id='line_1_36' title="bbox 237 2115 1491 2169; baseline -0.002 -10"><span class='ocrx_word' id='word_1_268' title='bbox 237 2127 329 2160; x_wconf 84' lang='lat'>602.</span> <span class='ocrx_word' id='word_1_269' title='bbox 351 2120 561 2162; x_wconf 68' lang='lat' dir='ltr'>Manibus.</span> <span class='ocrx_word' id='word_1_270' title='bbox 583 2123 645 2159; x_wconf 76' lang='lat' dir='ltr'>De</span> <span class='ocrx_word' id='word_1_271' title='bbox 670 2118 740 2155; x_wconf 89' lang='lat' dir='ltr'>hac</span> <span class='ocrx_word' id='word_1_272' title='bbox 754 2115 846 2155; x_wconf 56' lang='lat' dir='ltr'>cura</span> <span class='ocrx_word' id='word_1_273' title='bbox 863 2128 1036 2155; x_wconf 83' lang='lat' dir='ltr'>matrum</span> <span class='ocrx_word' id='word_1_274' title='bbox 1053 2116 1167 2168; x_wconf 81' lang='lat' dir='ltr'>plura</span> <span class='ocrx_word' id='word_1_275' title='bbox 1184 2115 1274 2155; x_wconf 82' lang='lat' dir='ltr'>loca</span> <span class='ocrx_word' id='word_1_276' title='bbox 1287 2115 1329 2154; x_wconf 87' lang='lat' dir='ltr'>in</span> <span class='ocrx_word' id='word_1_277' title='bbox 1345 2115 1491 2169; x_wconf 69' lang='lat' dir='ltr'>poetis.</span> 
     </span>
     <span class='ocr_line' id='line_1_37' title="bbox 179 2169 1490 2224; baseline -0.003 -11"><span class='ocrx_word' id='word_1_278' title='bbox 179 2173 277 2215; x_wconf 83' lang='lat' dir='ltr'>vid.</span> <span class='ocrx_word' id='word_1_279' title='bbox 300 2174 483 2215; x_wconf 80' lang='lat' dir='ltr'>Bernart.</span> <span class='ocrx_word' id='word_1_280' title='bbox 516 2172 567 2212; x_wconf 84' lang='lat' dir='ltr'>ad</span> <span class='ocrx_word' id='word_1_281' title='bbox 598 2174 695 2211; x_wconf 84' lang='lat' dir='ltr'>Stat.</span> <span class='ocrx_word' id='word_1_282' title='bbox 715 2171 844 2210; x_wconf 83' lang='lat' dir='ltr'>Theb.</span> <span class='ocrx_word' id='word_1_283' title='bbox 876 2169 946 2208; x_wconf 85' lang='lat' dir='ltr'>IV.</span> <span class='ocrx_word' id='word_1_284' title='bbox 984 2183 1070 2219; x_wconf 83' lang='lat'>175.</span> <span class='ocrx_word' id='word_1_285' title='bbox 1110 2183 1186 2209; x_wconf 84' lang='lat'>202</span> <span class='ocrx_word' id='word_1_286' title='bbox 1206 2199 1218 2216; x_wconf 87' lang='lat'>,</span> <span class='ocrx_word' id='word_1_287' title='bbox 1247 2183 1335 2222; x_wconf 84' lang='lat' dir='ltr'>quae</span> <span class='ocrx_word' id='word_1_288' title='bbox 1364 2169 1490 2224; x_wconf 82' lang='lat' dir='ltr'>digna.</span> 
     </span>
     <span class='ocr_line' id='line_1_38' title="bbox 181 2223 1148 2277; baseline -0.006 -9"><span class='ocrx_word' id='word_1_289' title='bbox 181 2227 298 2269; x_wconf 73' lang='grc' dir='ltr'><strong>Ιεᾶυ.</strong></span> <span class='ocrx_word' id='word_1_290' title='bbox 324 2228 448 2268; x_wconf 88' lang='lat' dir='ltr'>Adde</span> <span class='ocrx_word' id='word_1_291' title='bbox 476 2230 573 2267; x_wconf 85' lang='lat' dir='ltr'>Stat.</span> <span class='ocrx_word' id='word_1_292' title='bbox 603 2224 675 2266; x_wconf 87' lang='lat' dir='ltr'>XI.</span> <span class='ocrx_word' id='word_1_293' title='bbox 693 2239 788 2274; x_wconf 89' lang='lat'><strong>40¹·</strong></span> <span class='ocrx_word' id='word_1_294' title='bbox 816 2223 1027 2277; x_wconf 87' lang='lat' dir='ltr'>Virgil.X.</span> <span class='ocrx_word' id='word_1_295' title='bbox 1056 2232 1148 2263; x_wconf 78' lang='lat'>818.</span> 
     </span>
    </p>

    <p class='ocr_par' dir='ltr' id='par_1_18' title="bbox 181 2276 1491 2442">
     <span class='ocr_line' id='line_1_39' title="bbox 237 2276 1490 2333; baseline -0.004 -13"><span class='ocrx_word' id='word_1_296' title='bbox 237 2289 330 2328; x_wconf 86' lang='lat'>605.</span> <span class='ocrx_word' id='word_1_297' title='bbox 363 2281 554 2333; x_wconf 79' lang='lat' dir='ltr'>Carptim.</span> <span class='ocrx_word' id='word_1_298' title='bbox 580 2281 723 2332; x_wconf 80' lang='lat' dir='ltr'>Inepte</span> <span class='ocrx_word' id='word_1_299' title='bbox 747 2280 871 2318; x_wconf 81' lang='lat' dir='ltr'>Drak.</span> <span class='ocrx_word' id='word_1_300' title='bbox 893 2278 1034 2329; x_wconf 82' lang='lat' dir='ltr'>captis.</span> <span class='ocrx_word' id='word_1_301' title='bbox 1064 2279 1152 2325; x_wconf 87' lang='lat' dir='ltr'>Nec</span> <span class='ocrx_word' id='word_1_302' title='bbox 1173 2276 1318 2317; x_wconf 71' lang='lat' dir='ltr'>melitis</span> <span class='ocrx_word' id='word_1_303' title='bbox 1337 2277 1490 2327; x_wconf 76' lang='lat' dir='ltr'>raptis,</span> 
     </span>
     <span class='ocr_line' id='line_1_40' title="bbox 181 2331 1491 2389; baseline -0.002 -15"><span class='ocrx_word' id='word_1_304' title='bbox 181 2334 226 2374; x_wconf 83' lang='lat' dir='ltr'>in</span> <span class='ocrx_word' id='word_1_305' title='bbox 242 2335 477 2389; x_wconf 70' lang='lat' dir='ltr'>quibusdam</span> <span class='ocrx_word' id='word_1_306' title='bbox 496 2335 671 2388; x_wconf 88' lang='lat' dir='ltr'>antiquis</span> <span class='ocrx_word' id='word_1_307' title='bbox 689 2350 698 2373; x_wconf 93' lang='lat'><strong>:</strong></span> <span class='ocrx_word' id='word_1_308' title='bbox 716 2332 786 2371; x_wconf 83' lang='lat' dir='ltr'>nifi</span> <span class='ocrx_word' id='word_1_309' title='bbox 804 2332 1007 2373; x_wconf 83' lang='lat' dir='ltr'>indicetur</span> <span class='ocrx_word' id='word_1_310' title='bbox 1024 2332 1170 2384; x_wconf 81' lang='lat' dir='ltr'>raptim</span> <span class='ocrx_word' id='word_1_311' title='bbox 1182 2363 1198 2380; x_wconf 89' lang='lat'><em>,</em></span> <span class='ocrx_word' id='word_1_312' title='bbox 1218 2345 1240 2371; x_wconf 88' lang='lat' dir='ltr'>a</span> <span class='ocrx_word' id='word_1_313' title='bbox 1256 2344 1354 2370; x_wconf 79' lang='lat' dir='ltr'>ncta</span> <span class='ocrx_word' id='word_1_314' title='bbox 1372 2331 1491 2385; x_wconf 77' lang='lat' dir='ltr'>i&#39;quae</span> 
     </span>
     <span class='ocr_line' id='line_1_41' title="bbox 182 2387 959 2442; baseline -0.005 -13"><span class='ocrx_word' id='word_1_315' title='bbox 182 2403 258 2442; x_wconf 75' lang='lat' dir='ltr'>pro</span> <span class='ocrx_word' id='word_1_316' title='bbox 281 2389 365 2438; x_wconf 84' lang='lat' dir='ltr'>im,</span> <span class='ocrx_word' id='word_1_317' title='bbox 392 2390 433 2429; x_wconf 80' lang='lat' dir='ltr'>in</span> <span class='ocrx_word' id='word_1_318' title='bbox 448 2422 458 2436; x_wconf 91' lang='lat'><em>‚</em></span> <span class='ocrx_word' id='word_1_319' title='bbox 486 2389 550 2438; x_wconf 83' lang='lat' dir='ltr'>is,</span> <span class='ocrx_word' id='word_1_320' title='bbox 572 2389 607 2428; x_wconf 84' lang='lat' dir='ltr'>ir</span> <span class='ocrx_word' id='word_1_321' title='bbox 630 2388 682 2427; x_wconf 91' lang='lat' dir='ltr'>est</span> <span class='ocrx_word' id='word_1_322' title='bbox 707 2388 749 2425; x_wconf 89' lang='lat' dir='ltr'>in</span> <span class='ocrx_word' id='word_1_323' title='bbox 772 2387 959 2439; x_wconf 80' lang='lat' dir='ltr'>antiquis.</span> 
     </span>
    </p>

    <p class='ocr_par' dir='ltr' id='par_1_19' title="bbox 185 2438 1492 2550">
     <span class='ocr_line' id='line_1_42' title="bbox 237 2438 1492 2494; baseline -0.002 -13"><span class='ocrx_word' id='word_1_324' title='bbox 237 2450 330 2484; x_wconf 85' lang='lat'>610.</span> <span class='ocrx_word' id='word_1_325' title='bbox 374 2444 570 2484; x_wconf 69' lang='lat' dir='ltr'>Titii-lam.</span> <span class='ocrx_word' id='word_1_326' title='bbox 611 2444 673 2482; x_wconf 86' lang='lat' dir='ltr'>Sic</span> <span class='ocrx_word' id='word_1_327' title='bbox 715 2440 766 2480; x_wconf 88' lang='lat' dir='ltr'>de</span> <span class='ocrx_word' id='word_1_328' title='bbox 812 2443 985 2494; x_wconf 83' lang='lat' dir='ltr'>Megaera</span> <span class='ocrx_word' id='word_1_329' title='bbox 1020 2438 1238 2480; x_wconf 81' lang='lat' dir='ltr'>Claudian.</span> <span class='ocrx_word' id='word_1_330' title='bbox 1277 2438 1328 2479; x_wconf 90' lang='lat' dir='ltr'>de</span> <span class='ocrx_word' id='word_1_331' title='bbox 1370 2449 1492 2491; x_wconf 68' lang='lat' dir='ltr'>raptu.</span> 
     </span>
     <span class='ocr_line' id='line_1_43' title="bbox 185 2493 1308 2550; baseline -0.004 -13"><span class='ocrx_word' id='word_1_332' title='bbox 185 2495 371 2550; x_wconf 82' lang='lat' dir='ltr'>Proserp.</span> <span class='ocrx_word' id='word_1_333' title='bbox 401 2499 427 2537; x_wconf 88' lang='lat' dir='ltr'>l.</span> <span class='ocrx_word' id='word_1_334' title='bbox 455 2497 534 2537; x_wconf 86' lang='lat'>111.</span> <span class='ocrx_word' id='word_1_335' title='bbox 557 2512 594 2549; x_wconf 88' lang='lat' dir='ltr'>p.</span> <span class='ocrx_word' id='word_1_336' title='bbox 617 2511 682 2547; x_wconf 90' lang='lat'>47.</span> <span class='ocrx_word' id='word_1_337' title='bbox 709 2494 806 2534; x_wconf 87' lang='lat' dir='ltr'>edit.</span> <span class='ocrx_word' id='word_1_338' title='bbox 834 2495 990 2548; x_wconf 88' lang='lat' dir='ltr'>Gryph.</span> <span class='ocrx_word' id='word_1_339' title='bbox 1016 2496 1148 2534; x_wconf 87' lang='lat' dir='ltr'>versus</span> <span class='ocrx_word' id='word_1_340' title='bbox 1172 2493 1308 2533; x_wconf 79' lang='lat' dir='ltr'>finem.</span> 
     </span>
    </p>

    <p class='ocr_par' dir='ltr' id='par_1_20' title="bbox 186 2545 1490 2710">
     <span class='ocr_line' id='line_1_44' title="bbox 238 2545 1490 2600; baseline -0.002 -11"><span class='ocrx_word' id='word_1_341' title='bbox 238 2558 329 2596; x_wconf 83' lang='lat'>613.</span> <span class='ocrx_word' id='word_1_342' title='bbox 360 2552 533 2592; x_wconf 50' lang='lat' dir='ltr'>lavistis.</span> <span class='ocrx_word' id='word_1_343' title='bbox 564 2552 665 2600; x_wconf 89' lang='lat' dir='ltr'>Quis</span> <span class='ocrx_word' id='word_1_344' title='bbox 694 2549 853 2589; x_wconf 61' lang='lat' dir='ltr'>invidus</span> <span class='ocrx_word' id='word_1_345' title='bbox 882 2549 1045 2589; x_wconf 78' lang='lat' dir='ltr'>docebit</span> <span class='ocrx_word' id='word_1_346' title='bbox 1069 2551 1215 2588; x_wconf 86' lang='lat' dir='ltr'>Seneca</span> <span class='ocrx_word' id='word_1_347' title='bbox 1244 2546 1294 2588; x_wconf 88' lang='lat' dir='ltr'>de</span> <span class='ocrx_word' id='word_1_348' title='bbox 1315 2545 1490 2598; x_wconf 68' lang='lat' dir='ltr'>Benefic.</span> 
     </span>
     <span class='ocr_line' id='line_1_45' title="bbox 187 2600 1490 2657; baseline -0.005 -12"><span class='ocrx_word' id='word_1_349' title='bbox 187 2605 215 2645; x_wconf 79' lang='lat' dir='ltr'>l.</span> <span class='ocrx_word' id='word_1_350' title='bbox 240 2607 290 2644; x_wconf 91' lang='lat' dir='ltr'>V.</span> <span class='ocrx_word' id='word_1_351' title='bbox 313 2620 346 2645; x_wconf 84' lang='lat' dir='ltr'>c.</span> <span class='ocrx_word' id='word_1_352' title='bbox 375 2621 408 2652; x_wconf 84' lang='lat'>3.</span> <span class='ocrx_word' id='word_1_353' title='bbox 435 2607 610 2645; x_wconf 86' lang='lat' dir='ltr'>Temere</span> <span class='ocrx_word' id='word_1_354' title='bbox 637 2606 800 2656; x_wconf 62' lang='lat' dir='ltr'>Heyns.</span> <span class='ocrx_word' id='word_1_355' title='bbox 819 2602 941 2643; x_wconf 58' lang='lat' dir='ltr'>vidis.</span> <span class='ocrx_word' id='word_1_356' title='bbox 971 2603 1080 2642; x_wconf 83' lang='lat' dir='ltr'>Male</span> <span class='ocrx_word' id='word_1_357' title='bbox 1110 2604 1154 2642; x_wconf 89' lang='lat' dir='ltr'>in</span> <span class='ocrx_word' id='word_1_358' title='bbox 1182 2604 1356 2657; x_wconf 84' lang='lat' dir='ltr'>antiquis</span> <span class='ocrx_word' id='word_1_359' title='bbox 1380 2600 1490 2640; x_wconf 86' lang='lat' dir='ltr'>divi-</span> 
     </span>
     <span class='ocr_line' id='line_1_46' title="bbox 186 2658 1204 2710; baseline -0.003 -11"><span class='ocrx_word' id='word_1_360' title='bbox 186 2659 298 2699; x_wconf 76' lang='lat' dir='ltr'>ditur</span> <span class='ocrx_word' id='word_1_361' title='bbox 320 2659 360 2699; x_wconf 80' lang='lat' dir='ltr'>in</span> <span class='ocrx_word' id='word_1_362' title='bbox 386 2660 508 2700; x_wconf 54' lang='lat' dir='ltr'>vidis.</span> <span class='ocrx_word' id='word_1_363' title='bbox 534 2660 688 2699; x_wconf 73' lang='lat' dir='ltr'>Confer</span> <span class='ocrx_word' id='word_1_364' title='bbox 714 2658 778 2697; x_wconf 76' lang='lat' dir='ltr'>hic</span> <span class='ocrx_word' id='word_1_365' title='bbox 797 2673 836 2698; x_wconf 91' lang='lat' dir='ltr'>v.</span> <span class='ocrx_word' id='word_1_366' title='bbox 857 2665 948 2710; x_wconf 85' lang='lat' dir='ltr'>7c6.</span> <span class='ocrx_word' id='word_1_367' title='bbox 969 2658 982 2696; x_wconf 96' lang='lat' dir='ltr'>l</span> <span class='ocrx_word' id='word_1_368' title='bbox 1018 2658 1088 2696; x_wconf 88' lang='lat' dir='ltr'>IV.</span> <span class='ocrx_word' id='word_1_369' title='bbox 1113 2671 1204 2705; x_wconf 79' lang='lat'>193.</span> 
     </span>
    </p>

    <p class='ocr_par' dir='ltr' id='par_1_21' title="bbox 241 2711 1492 2768">
     <span class='ocr_line' id='line_1_47' title="bbox 241 2711 1492 2768; baseline -0.006 -8"><span class='ocrx_word' id='word_1_370' title='bbox 241 2719 339 2766; x_wconf 70' lang='lat'>,614-</span> <span class='ocrx_word' id='word_1_371' title='bbox 363 2714 594 2756; x_wconf 69' lang='lat' dir='ltr'>Parentam.</span> <span class='ocrx_word' id='word_1_372' title='bbox 622 2713 684 2759; x_wconf 75' lang='lat' dir='ltr'>Ut</span> <span class='ocrx_word' id='word_1_373' title='bbox 707 2714 737 2761; x_wconf 84' lang='lat'>1.</span> <span class='ocrx_word' id='word_1_374' title='bbox 760 2712 835 2755; x_wconf 77' lang='lat' dir='ltr'>VJ.</span> <span class='ocrx_word' id='word_1_375' title='bbox 863 2727 954 2767; x_wconf 77' lang='lat'>704·</span> <span class='ocrx_word' id='word_1_376' title='bbox 973 2712 1204 2768; x_wconf 72' lang='lat' dir='ltr'>perfodiant</span> <span class='ocrx_word' id='word_1_377' title='bbox 1221 2722 1386 2766; x_wconf 74' lang='lat' dir='ltr'>patres,</span> <span class='ocrx_word' id='word_1_378' title='bbox 1414 2711 1492 2753; x_wconf 63' lang='lat' dir='ltr'>&amp;o</span> 
     </span>
    </p>
   </div>
  </div>
 </body>
</html>
