1653 3056
130 156 217 209 “26

145 527 236 570 160

145 859 232 914 165

147 1206 236 1246 170

137 1541 233 1587 ¹175

142 1864 236 1910 180

146 2205 234 2259 185

480 153 748 213 81211
827 156 1295 214 ITAL101'

344 249 534 303 Exuviae
563 254 698 317 capiti
730 253 948 318 impolitae
971 295 982 315 ‚
1008 254 1303 322 tegimenque
1331 254 1484 306 leonIs

275 315 556 368 Terribilem
579 322 791 370 attollunt
812 321 997 370 excelso
1022 323 1194 371 vertice
1221 322 1391 373 ristum.

277 384 482 434 Centum
501 405 673 455 angues
692 388 815 436 idem
842 389 1123 453 Lernaeaque
1146 390 1342 437 monstra
1363 392 1552 456 gerebat

275 453 331 500 In
352 453 516 515 clypeo
534 493 545 514 ,
568 455 754 503 exseffls
774 456 1008 521 geminam
1027 455 1307 518 serpentibus
1324 457 1532 519 hydram.

271 519 356 567 Ille
368 519 888 586 Jubam,Thapsumque
900 522 1320 586 patris‚elarumque
1338 523 1580 586 Micipsam

273 586 480 635 Nomine
497 587 594 648 avi,
615 589 925 653 Maurumque
943 590 1088 636 Sacen
1108 629 1119 650 ,
1139 608 1164 637 a
1183 590 1409 639 moenibus
1428 593 1545 639 astos
1560 628 1578 653 ‚

272 652 573 719 Palantesque
594 655 704 723 fugzl
721 695 732 715 ‚
752 673 952 719 praeceps
973 656 1028 703 ad
1047 657 1179 704 litora
1195 658 1326 705 cursu

272 719 446 833 {Igerat
463 760 474 781 ,
498 737 635 786 atque
663 722 752 770 unfi
779 722 1047 784 spumabant
1067 740 1246 786 aequora
1266 722 1439 773 dextra.

328 804 383 835 ec
403 803 641 837 contentus
662 790 730 837 ldi
752 790 843 836 leto
861 831 871 850 ‚
895 790 1081 853 letoque
1103 790 1329 839 Cothonis

273 853 560 903 Marmaridae
578 895 590 916 ‚
614 873 702 904 nec
720 856 841 904 caede
872 857 1039 917 Rothi,
1058 873 1146 904 nec
1165 857 1287 904 caede
1311 857 1339 910 J
1344 856 1546 924 ugurthae
1554 898 1571 923 ,

272 919 466 984 Asbytes
487 940 673 971 currum
690 962 702 984 ,
720 929 762 971 &
781 922 993 972 radiantis
1014 923 1215 990 tegmina
1234 924 1358 972 lacnae

271 986 495 1037 Pol'cebat
515 992 633 1040 votis
648 1030 660 1051 ‚
679 1004 1004 1057 gemmataque
1024 989 1197 1038 lumina
1215 991 1346 1052 peltae
1362 1031 1376 1052 ‚

269 1053 427 1117 Atque
447 1056 493 1105 in
518 1056 740 1125 belligera
756 1057 965 1106 versabat
979 1057 1159 1125 virg'me
1180 1071 1400 1107 mentem.

271 1122 433 1186 Quem
459 1142 588 1173 ruere
618 1138 667 1174 ut
689 1125 780 1173 telo
802 1125 916 1173 vidit
938 1124 1095 1191 regina
1109 1140 1320 1184 cruento,

272 1190 506 1254 Obliquos
528 1193 765 1257 detorquet
783 1209 924 1256 equos
939 1231 951 1252 ,
974 1193 1232 1254 laevumque
1254 1210 1334 1254 per
1355 1194 1516 1241 orbem

272 1255 452 1306 Fallaci
471 1276 585 1325 gyro
606 1277 823 1322 campum
847 1260 995 1320 secat,
1017 1276 1072 1307 ac
1092 1259 1216 1307 velut
1241 1260 1333 1307 ales

272 1323 453 1373 Averso
474 1327 640 1389 rapitur
660 1328 829 1375 sinuata
849 1343 929 1387 per
951 1343 1132 1389 aequora
1152 1342 1306 1374 curru.
1521 1365 1523 1369 .

271 1390 497 1455 Dumque
518 1411 571 1441 ea
596 1395 637 1442 se
661 1412 717 1442 ex
739 1392 880 1440 oculis
899 1392 1073 1453 aufert,
1093 1407 1229 1457 atque
1248 1391 1375 1441 ocius
1393 1392 1518 1442 Euro

272 1458 418 1507 Incita
436 1460 701 1522 pulveream
722 1478 886 1524 campo
908 1459 1040 1508 trahit
1058 1459 1231 1537 ungula
1247 1461 1416 1507 nubem
1442 1499 1456 1521 ,

272 1525 532 1575 Adversum
552 1529 643 1577 late
660 1527 842 1577 stridens
858 1543 955 1575 rota
974 1541 1161 1589 proterit
1176 1543 1343 1592 agmen
1356 1565 1370 1589 ,

276 1592 448 1674 Ingerit
462 1600 503 1642 &
521 1598 700 1645 crebras
715 1595 846 1662 virgo
864 1593 1187 1656 trepidantibus
1201 1593 1357 1641 hastas.

238 1685 240 1687 >
273 1659 373 1707 Hic
389 1660 599 1710 cecidfzre
612 1662 767 1726 Lycus
780 1701 791 1720 ‚
808 1660 1163 1724 Thamyrisque,
1176 1665 1216 1708 &
1233 1659 1384 1708 nobile
1399 1675 1570 1710 nomen

270 1726 552 1790 Eurydamas
568 1769 579 1790 ,
602 1729 711 1778 clari
730 1729 973 1777 deduftum
994 1727 1123 1789 stirpe
1143 1727 1336 1793 parentis
1359 1747 1369 1774 :

275 1793 375 1857 Qui
398 1794 619 1844 thalamos
639 1797 769 1843 ausus
790 1796 1020 1860 quondam
1047 1794 1222 1857 sperare
1249 1795 1462 1858 superbos
1478 1833 1488 1852 ,

272 1859 380 1909 Heu
400 1862 588 1911 demens
603 1872 613 1911 1
629 1863 861 1928 Ithacique
875 1879 1042 1910 torum:
1056 1861 1131 1910 sed
1142 1862 1265 1910 enim
1279 1876 1373 1910 arte
1387 1859 1572 1925 pudiea,

272 1928 470 1977 Fallacis
486 1931 613 1979 toties
632 1931 840 1980 revoluto
865 1929 1050 1978 stamine
1070 1930 1168 1976 tela:

272 1995 511 2058 Deceptus
526 2035 538 2054 ,
558 1998 755 2047 mersum
776 1998 937 2064 pelago
955 1994 1133 2058 jaetzirat
1150 1994 1377 2059 Ulyssem.

273 2063 356 2113 Ast
378 2064 559 2112 Ithacus
578 2083 686 2114 vero
708 2063 809 2112 fitia
832 2083 912 2127 pro
935 2078 1076 2112 morte
1093 2063 1339 2126 loquacem

277 2130 448 2179 Affecit
469 2133 559 2180 leto
576 2172 587 2191 ‚
611 2132 824 2196 taedaeque
844 2131 899 2178 ad
920 2131 1081 2179 funera
1097 2130 1250 2180 versic.

273 2197 403 2246 Ceno.
421 2213 624 2248 extrema
641 2199 726 2249 viri
739 2199 911 2261 eampis
927 2198 1102 2246 deletur
1118 2195 1280 2255 Iberis,

278 2265 559 2328 Eurydamas
579 2267 820 2315 Nomados
841 2265 995 2313 dextr-[i
1017 2285 1026 2312 :
1049 2264 1180 2327 super
1205 2262 1404 2327 instrepit
1432 2278 1563 2325 acer,

275 2334 335 2384 Et
357 2333 501 2380 servat
521 2335 702 2382 cursum
720 2333 949 2397 persi-affin
967 2331 1131 2379 ollibus
1148 2331 1257 2380 axis.

343 2398 542 2464 Jamque
557 2401 708 2449 aderat
719 2418 925 2449 remeans
943 2400 1074 2465 virgo
1087 2438 1100 2460 ,
1113 2397 1230 2447 inter
1245 2395 1401 2460 proelia
1414 2396 1648 2461 postquam

276 2464 510 2534 Destringi
530 2467 750 2516 Therona
771 2466 892 2515 videt
908 2508 917 2526 ,
940 2465 1194 2529 saevamque
1215 2465 1462 2526 bipennem

151 2551 242 2594 190
276 2533 532 2582 Perlibram
555 2534 710 2583 medix
730 2533 893 2593 fronti,
918 2532 1111 2596 spolium
1128 2532 1234 2583 inde
1256 2531 1496 2595 superbum
1511 2570 1528 2593 ‚

277 2602 621 2667 Herculeasqite
643 2602 724 2651 tibi
741 2601 926 2652 exuvias
944 2640 955 2659 ‚
977 2600 1206 2664 Diaynna
1221 2640 1234 2661 ‚
1257 2599 1472 2650 vovebat.

278 2667 385 2724 Nec
404 2669 552 2739 agnis
569 2669 760 2727 Theron
778 2682 907 2726 tantae
929 2665 1003 2737 spe
1024 2667 1172 2732 laudis
1185 2708 1200 2737 ,
1223 2666 1267 2722 in
1285 2665 1404 2733 ipsos
