1627 3056
338 132 1161 179 xn'rnxrnn.lxss.111.
1360 140 1408 178 ι’

95 198 195 300 {isti
218 203 366 257 optimi
389 205 443 245 est
469 204 713 259 Consultatio
738 209 786 246 de
806 204 1036 257 principatu
1061 204 1162 244 inter
1183 196 1414 255 provincias

146 273 293 310 zcropoe.

160 326 252 359 335.
282 312 432 352 Natus.
457 310 582 360 Quod
601 311 860 353 confirmavit
884 311 1098 364 Hcynfius.
1127 309 1236 351 Aliis
1253 317 1384 348 notus.

156 376 247 413 338.
271 366 414 406 Erdus.
450 368 620 406 Nomen
654 379 677 406 a
707 365 836 407 fluvio
855 398 867 414 ,
903 381 1018 408 more
1047 365 1235 408 Silianio.
1267 362 1408 402 Plures

100 420 204 462 olim
240 421 398 470 hujusce
426 421 606 461 nominis
641 421 747 473 apud
781 422 930 462 Celtas.
962 420 1146 474 Superest
1174 416 1299 458 hodie
1329 428 1410 453 no·

99 488 196 515 men
221 474 263 513 in
290 475 423 515 nostra
450 474 615 516 civitate
639 475 799 516 Names
823 474 890 515 ubi
918 473 1062 516 fluvius
1086 474 1211 515 Erde.
1242 471 1309 512 Ab
1341 481 1411 509 ea-

97 528 197 569 dem
226 543 327 569 voce
346 560 355 576 ,
387 529 603 571 Eridanus.
636 530 767 570 Drak.
790 529 890 570 edit.
920 531 1075 584 Cydnus
1101 542 1123 570 e
1150 542 1186 568 c.
1208 527 1302 566 Col.
1330 521 1410 563 Sed

98 582 238 624 Erdus
262 584 316 623 est
340 585 381 622 in
408 586 457 625 R.
489 599 522 622 1.
546 598 582 624 2.
609 585 718 625 Aliis
739 584 925 631 Erduus,
951 585 1111 632 Ervus,
1134 582 1273 623 Arvas
1291 609 1303 628 ι
1326 577 1413 618 RV·

96 653 186 693 gus.
210 638 336 691 Apud
360 639 582 679 Cantabros
609 640 686 678 fuit
714 653 877 694 quoque
901 638 1047 680 fluvius
1067 639 1197 692 Erga.

160 707 248 743 342.
278 691 411 740 Tale,
435 694 561 744 nefins.
584 694 694 734 Male
721 696 764 733 in
791 696 920 735 Drak.
949 694 1029 735 tale
1053 694 1177 745 nefas.
1208 688 1291 730 Dic
1317 699 1410 726 cum

98 746 302 787 :Iuvenale
323 749 530 787 credebant
545 752 618 788 hoc
634 754 784 802 grande
800 749 931 799 nefizs,
954 749 979 788 fi
998 758 1243 789 cremaretur
1267 754 1412 793 corpus

101 801 281 841 hominis
311 803 352 840 in
378 816 512 854 pugna
548 804 712 843 mortui.
742 804 896 843 Confer
931 818 1019 857 quae
1044 805 1166 856 po'e'ta
1189 800 1218 839 l.
1241 796 1356 839 XIII.
1388 807 1412 835 ε

102 868 143 897 v.
169 865 399 906 4701487.
425 856 569 896 Justin.
598 858 625 895 l.
649 857 749 896 XLI.
778 871 811 897 c.
844 872 877 903 3.
903 861 942 898 δε
962 871 1050 897 not.
1076 856 1227 897 varior.

157 925 248 960 344.
275 911 483 964 Sagacem.
511 912 657 951 sustin.
685 914 711 952 l.
737 911 887 952 XXIV.
911 925 942 951 c.
972 928 1011 961 4.

160 972 250 1014 346.
276 965 474 1006 Carmina.
503 968 551 1006 L.
572 967 623 1005 X.
646 979 738 1012 231.
768 966 906 1006 Livius
933 967 1043 1007 XXI.
1068 979 1101 1005 c.
1129 972 1198 1005 28.

157 1032 250 1066 350.
279 1020 456 1060 Addere.
477 1022 593 1060 Solus
614 1033 647 1059 c.
675 1021 718 1060 P.
745 1022 911 1068 abdere,
933 1035 1016 1074 quo
1040 1021 1150 1060 sensu
1171 1018 1413 1058 Graecorum

101 1072 228 1112 uti-0211
248 1105 261 1121 ,
300 1089 343 1114 ut
365 1075 407 1114 in
424 1076 597 1126 Hymno
616 1074 953 1127 pseudhomerico
980 1089 1107 1128 nuper
1134 1087 1156 1112 a
1184 1073 1248 1112 Cl.
1276 1071 1413 1111 Ruhn-

102 1129 230 1176 kenio
272 1128 386 1168 edito
426 1142 468 1170 v.
502 1145 578 1180 431
606 1159 615 1174 ,
649 1128 773 1168 ἔκειθε.
803 1129 917 1169 Idem
943 1145 1030 1170 mos
1050 1128 1172 1168 hodie
1199 1127 1239 1166 in
1265 1123 1414 1166 Sicilia.

101 1182 206 1222 Non
224 1183 385 1234 ferunt,
413 1182 479 1222 sed
507 1196 646 1223 revera
674 1187 844 1223 condunt
867 1198 1001 1237 grana.
1035 1185 1151 1223 Unus
1173 1195 1259 1221 arat
1277 1211 1286 1227 ,
1312 1179 1415 1218 alter

102 1237 282 1291 sequitur
302 1250 483 1277 arantem
501 1265 512 1282 ‚
541 1241 581 1278 δε
603 1250 773 1291 granum
803 1240 929 1277 mittit
954 1240 997 1278 in
1020 1239 1170 1278 sulcum
1195 1252 1203 1274 ε
1233 1242 1413 1275 reverlus

103 1304 241 1331 autem
265 1292 333 1345 qui
355 1305 439 1331 arat
455 1322 466 1338 ,
492 1292 659 1332 invertit
682 1293 944 1334 terram-lirae
973 1296 1085 1346 supra
1105 1304 1272 1345 granum
1301 1284 1415 1341 quod

104 1346 162 1386 ita
178 1344 401 1400 abscondit.
418 1347 524 1385 Vide
539 1360 626 1400 quae
640 1346 668 1386 l.
688 1347 738 1387 X·
759 1361 828 1393 533
852 1363 861 1386 ε
881 1346 929 1386 ad
949 1361 1069 1400 quem
1088 1347 1222 1386 locum
1245 1342 1409 1395 ineptit,

106 1413 151 1442 ut
175 1400 297 1453 saepe,
328 1399 555 1441 Schmidius
580 1401 624 1439 in
645 1401 708 1440 sua
734 1402 884 1453 nuperi
907 1401 1092 1442 editione
1117 1399 1224 1442 Silii.

171 1462 262 1501 356.
289 1453 464 1496 Nemea.
487 1455 535 1493 In
555 1455 608 1496 R.
637 1468 675 1494 2.
697 1469 822 1495 omen.

167 1516 259 1556 363.
283 1508 455 1562 Aclyde.
483 1510 614 1551 Drak.
637 1523 762 1562 genus
790 1509 859 1550 teli
878 1508 1081 1565 ignotum.
1101 1505 1211 1549 Vide
1236 1502 1416 1544 Cerdam

103 1561 160 1604 ad
183 1563 329 1616 Virgil.
352 1563 449 1602 VH.
475 1577 568 1615 730.
594 1564 685 1603 Alii
711 1563 852 1605 aclide.

165 1625 257 1665 365.
281 1618 434 1658 serens.
468 1620 570 1658 Non
601 1619 704 1658 male
738 1619 910 1672 respeCffl
938 1613 1072 1656 fundae
1109 1613 1238 1654 Drak,
1265 1610 1415 1663 Heyns.

104 1671 157 1714 fic
182 1685 271 1726 ego.
292 1673 384 1713 Nec
404 1673 509 1712 male
530 1670 748 1713 edidissent
762 1674 897 1724 ferens
917 1669 1030 1725 quod
1052 1669 1152 1709 mihi
1170 1670 1213 1708 in
1229 1667 1419 1708 omnibus

107 1727 298 1780 antiqui&
322 1726 382 1765 At
404 1740 436 1765 c.
466 1728 559 1766 Col.
585 1727 669 1766 Ox.
693 1742 844 1782 gerens.

164 1788 254 1827 366.
277 1779 460 1834 Violato.
481 1782 673 1832 Turpiter
692 1784 757 1821 hic
776 1794 880 1822 errat
904 1781 1039 1832 poeta.
1061 1776 1203 1819 Grovii
1222 1776 1309 1816 sunt
1326 1776 1418 1813 Sar-

107 1848 253 1881 matae,
287 1849 329 1874 ut
355 1837 435 1885 jam
465 1834 556 1876 dixi
581 1836 609 1875 l.
636 1835 668 1875 1.
697 1850 792 1882 235·
821 1835 927 1878 Male
953 1834 1086 1886 plures
1115 1832 1289 1872 scribunt
1316 1827 1423 1870 6η)Δ

108 1891 227 1938 vies,
260 1889 455 1935 Gronios,
484 1902 527 1928 ut
552 1905 592 1929 v.
623 1896 713 1937 384.

173 1953 263 1990 380.
293 1943 470 1994 Prostat.
495 1944 559 1983 Sic
585 1943 635 1982 R.
666 1956 699 1982 1.
724 1941 865 1981 Renes.
893 1940 1001 1980 Aliis
1025 1939 1204 1991 perstat,
1228 1934 1421 1990 proestat,

107 1997 295 2052 prostrat.
323 1996 480 2037 Confer
508 2002 677 2037 Homer.
706 1996 755 2035 Il.
778 1997 802 2035 l.
825 1995 936 2035 XVI.
964 2008 1050 2042 150.
1076 1996 1102 2034 1,
1130 1995 1216 2033 XX.
1238 2005 1330 2042 224.

150 2060 261 2104 ‘'384.
300 2051 476 2093 Uxama.
511 2052 619 2092 Urbs
649 2051 697 2089 ab
724 2049 984 2096 IaxamatiS,
1017 2061 1138 2104 gente
1172 2045 1394 2088 Sarmatica
1418 2071 1435 2092 0

109 2105 346 2160 repetenda.
369 2105 498 2156 Quod
523 2106 725 2160 quaerebat
755 2103 962 2155 Heynsrus.

170 2176 262 2208 390.
286 2160 442 2213 Rapto.
467 2159 624 2201 Confer
648 2159 794 2213 Virgil.
818 2160 889 2199 IX.
918 2165 994 2205 605
1014 2173 1045 2192 =
1064 2163 1106 2196 61
1123 2169 1156 2202 3.

169 2230 263 2263 395.
292 2216 487 2258 Orthane.
506 2216 599 2255 Jam
622 2216 744 2254 semel
764 2212 922 2254 editum
946 2212 1128 2253 orthanli.
1150 2208 1317 2250 Servavi
1340 2206 1426 2247 for-

110 2283 224 2312 mam
253 2283 436 2325 gtaecam.
471 2268 551 2310 Sed
581 2271 683 2309 hanc
715 2269 916 2320 syntaxim
945 2280 1070 2307 nemo
1105 2265 1314 2318 explicuit.
1344 2261 1427 2313 Dic

113 2342 145 2363 ιι
168 2324 360 2365 redimita
378 2324 482 2365 sacrfi
500 2321 690 2370 nebride,
719 2328 758 2363 &
778 2324 817 2363 in
841 2323 961 2376 Lycto
985 2325 1185 2362 ortharze„
1226 2319 1272 2359 ld
1294 2332 1314 2358 e
1339 2330 1428 2358 cum

113 2384 293 2426 orthane,
314 2393 434 2434 quem
452 2378 575 2432 gestat
594 2379 636 2417 in
651 2391 838 2418 extremo
854 2378 1006 2427 thyrso.
1026 2377 1213 2415 Imitatur
1231 2373 1293 2413 hic
1308 2375 1430 2427 po'eta

114 2435 317 2485 syntaxim
342 2434 506 2487 Virgilii
528 2446 647 2486 quern
671 2432 765 2472 vide
783 2431 1006 2484 expositum
1029 2431 1071 2469 in
1092 2429 1201 2470 Gell.
1226 2428 1250 2468 l.
1271 2430 1321 2468 V.
1338 2442 1371 2467 c.
1390 2434 1430 2467 8.

115 2487 358 2540 Aliquando
383 2487 707 2542 praepositionem
731 2488 911 2539 expreffit
932 2486 1144 2538 Virgilius,
1171 2483 1369 2523 Horridus
1388 2481 1430 2520 in

111 2542 263 2597 jaculis
291 2545 324 2581 G·
346 2542 484 2593 pelle,
512 2546 588 2582 &c.
616 2542 643 2580 l.
670 2542 721 2580 V.
752 2556 813 2591 37.
839 2539 1036 2592 Reliquiae
1063 2541 1219 2585 huiusce
1251 2535 1431 2577 infandae

114 2597 404 2648 superstitionis
431 2596 502 2636 diu
524 2597 742 2650 viguerunt
770 2597 812 2634 in
840 2595 1013 2641 Galliis,
1041 2595 1164 2634 etiam
1190 2593 1258 2632 sub
1292 2590 1431 2631 Ludo-

119 2652 213 2691 vico
239 2650 356 2705 ΧΙΙΙ.
380 2650 487 2691 Vide
516 2649 734 2702 Confhſj'ion
765 2655 815 2689 du
842 2649 907 2690 Sr.
936 2654 982 2690 de
1008 2647 1171 2702 Sancy,
1198 2647 1226 2686 l.
1250 2646 1305 2686 11.
1333 2659 1365 2684 c.
1389 2657 1431 2684 2.

118 2704 347 2758 Quomodo
396 2719 529 2751 totam
579 2706 719 2748 urbem
757 2704 1019 2749 turbaverunt
1057 2701 1251 2745 Bacchica
1269 2731 1280 2751 ,
1321 2697 1430 2741 dixit
