1627 3056
115 192 225 250 266
471 187 735 248 S1t11
817 190 1216 249 ITALICx

254 286 322 336 Di
349 286 495 350 quaeso
516 325 528 347 ,
560 300 609 334 ut
634 285 794 335 merita
824 288 883 335 est
903 327 916 349 ‚
952 287 1108 355 dignas
1143 306 1224 351 pro
1254 289 1417 340 talibus
1446 293 1558 343 aufis

258 354 494 420 Carthago
524 353 752 417 expendat
775 372 946 416 poenas.
978 357 1067 403 Sed
1097 356 1299 405 continet
1322 375 1450 409 acres

253 421 460 486 Byr-emes
480 421 705 485 populos,
731 421 807 485 qui
831 423 973 470 vestro
1002 422 1152 471 Marte
1177 426 1392 485 probatus

126 508 223 551 700
258 486 607 550 Excepitfeffos
624 527 636 548 ‚
665 494 708 535 8<
731 488 848 538 notis
872 488 1072 538 Marcius
1094 491 1230 539 armis

257 554 482 605 Succeffit
498 555 628 602 bello
647 575 658 603 ε
686 555 808 603 fusos
829 574 1010 620 quoque
1031 554 1156 605 fama
1179 557 1357 608 ferebat

259 622 471 673 Victores
495 623 626 674 atie,
654 636 789 686 atque
816 625 973 671 exafia
994 623 1175 686 piacula
1198 626 1342 674 caedis.

259 688 353 738 His
376 689 467 740 laeti
492 689 669 740 redicre
692 690 830 738 duces
853 691 956 738 loca
981 708 1161 740 amoena
1181 693 1377 755 piorum.

256 755 642 821 Prosequiturque
669 757 813 804 oculis
838 773 952 820 puer
972 758 1269 807 adveneratus
1294 775 1469 810 euntes.

127 840 221 888 τος
320 823 522 889 Jamque
542 824 694 871 aderat
715 822 840 873 muta
863 823 941 873 vix
963 825 1276 891 agnoscendus
1299 828 1346 876 in
1366 829 1530 886 umbi-5.

128 888 132 893 ’
259 891 478 952 Paullus3
505 904 553 938 at
573 903 709 954 epoto
732 890 955 939 fundebat
980 892 1193 960 sanguine
1220 897 1377 947 verba.

263 960 374 1008 Lux
395 956 564 1007 Italfim
583 998 597 1021 ‚
622 958 752 1022 cujus
777 958 975 1022 spe&avi
999 959 1168 1009 Martia
1190 961 1310 1010 saffra

258 1026 466 1076 Multum
483 1041 576 1074 uno
598 1025 774 1090 majora
794 1027 896 1076 viro
915 1064 926 1087 ‚
953 1025 1228 1077 descendere
1251 1028 1370 1078 nocti
1385 1069 1398 1091 ‚

260 1094 419 1159 Atque
441 1091 688 1142 habitanda
707 1093 850 1142 semel
870 1093 1038 1159 subigit
1061 1095 1159 1158 quis
1183 1095 1328 1145 visere
1349 1108 1513 1167 regna?

126 1179 225 1230 510
262 1161 355 1212 Cui
387 1175 544 1210 contra
576 1161 686 1209 tales
719 1160 913 1211 effundit
947 1161 1101 1224 Scipio
1133 1179 1288 1214 voces.

262 1227 563 1291 Armipotens
585 1227 743 1276 ducier
760 1270 772 1290 ,
801 1227 938 1293 quarn
960 1227 1061 1276 sunt
1079 1242 1156 1277 tua
1175 1229 1268 1279 fata
1285 1247 1368 1294 per
1391 1231 1553 1280 urbem

263 1298 540 1345 Lamentata
562 1294 635 1343 diu
655 1294 667 1343 !
698 1297 834 1358 quam
853 1312 970 1357 pene
991 1296 1166 1344 ruentia
1185 1310 1341 1347 tecum

266 1362 466 1412 Traxisti
486 1361 542 1410 ad
568 1361 749 1428 Stygias
770 1362 982 1410 OEnotria
1007 1365 1122 1411 tec0ta
1138 1367 1372 1414 tenebras!

267 1431 399 1480 Tum
421 1430 507 1480 tibi
528 1428 743 1479 defuncto
764 1430 993 1479 tumulum
1016 1430 1225 1480 Sidonius
1247 1432 1381 1480 hostis

132 1516 226 1566 ξμς
269 1497 536 1560 Constituit,
559 1498 839 1563 laudemque
862 1513 939 1545 tuo
962 1497 1160 1562 quaefivit
1185 1499 1376 1548 honore.

272 1569 496 1632 Dumque
518 1564 643 1614 audit
661 1565 921 1630 lacrymans
940 1564 1114 1613 hostilia
1135 1565 1297 1615 funera
1315 1567 1500 1616 Paullus
1517 1607 1529 1629 ,

272 1636 400 1688 Ante
416 1632 678 1695 oculosjam
692 1632 944 1681 Flaminius
961 1671 973 1692 ,
993 1633 1088 1697 jam
1107 1632 1348 1683 Gracchus
1364 1674 1377 1696 ,
1400 1640 1442 1684 &
1456 1651 1576 1703 aegro

274 1701 529 1754 Absumtus
557 1700 732 1748 Cannis
759 1701 897 1749 stabat
932 1698 1151 1747 Servilius
1186 1719 1282 1751 ore.

276 1769 531 1833 Adpellare
550 1767 675 1817 viros
696 1782 793 1817 erat
813 1767 944 1814 ardor
963 1807 975 1828 ‚
1003 1771 1045 1815 &
1072 1766 1236 1815 addere
1259 1770 1398 1817 verba
1418 1788 1433 1832 3

147 1855 245 1900 720
281 1837 375 1889 Sed
394 1837 600 1900 raptabat
619 1852 748 1883 amor
766 1832 938 1897 priscos
959 1831 1238 1899 cognoscere
1263 1836 1441 1885 Manes.

347 1904 492 1952 Nunc
510 1901 725 1952 meritum
746 1900 859 1949 {aava
881 1901 1074 1948 Brutum
1093 1900 1352 1952 immortale
1372 1903 1520 1954 securi

280 1971 473 2022 Nomen
488 2010 501 2032 ‚
523 1987 649 2019 nunc
662 1970 860 2033 Superos
878 1982 1134 2031 aequantem
1150 1969 1284 2018 laude
1302 1970 1581 2037 Camillum„

281 2038 333 2088 N
338 2055 430 2087 unc
450 2055 559 2087 auro
581 2037 777 2088 Curium
796 2054 886 2084 non
904 2051 1107 2099 unquam
1126 2037 1269 2086 cernit
1287 2038 1506 2089 amicum.

287 2106 393 2157 Ora
412 2105 590 2171 Sibylla
611 2105 745 2153 docet
760 2100 1054 2164 venientum,
1085 2107 1127 2150 δε
1150 2104 1333 2154 nomina
1353 2107 1528 2171 pandit.

158 2187 252 2236 7¹25
288 2174 389 2233 Hic
405 2172 586 2224 fraudes
605 2172 730 2235 pacis
744 2213 756 2234 ‚
777 2170 1093 2236 Pyrrhumque
1113 2186 1138 2216 a
1158 2170 1319 2218 limine
1339 2188 1478 2234 portae

156 2236 160 2242 ⁸
293 2241 482 2306 Deiecit
495 2280 508 2302 ‚
532 2239 655 2293 visus
676 2241 826 2288 orbus.
846 2236 979 2286 Tulit
1000 2236 1081 2285 ille
1104 2250 1313 2286 ruentem

294 2307 546 2373 Thybridis
567 2307 615 2356 in
637 2306 755 2370 ripas
773 2322 935 2372 regem
952 2344 964 2365 ,
993 2302 1199 2369 solusque
1222 2303 1402 2354 revulso

297 2376 427 2425 Pone
446 2374 581 2425 ferox
599 2388 738 2437 ponte
758 2371 947 2424 exclusit
967 2371 1200 2424 redeuntia
1219 2388 1377 2438 regna.

369 2441 420 2491 Si
439 2441 521 2490 tibi
540 2442 676 2492 dulce
695 2441 847 2490 virum
865 2479 878 2501 ,
901 2439 1050 2502 primo
1071 2439 1150 2504 qui
1165 2438 1338 2488 foedera
1355 2437 1478 2489 bello

169 2529 266 2579 5730
299 2507 570 2561 Phoenicum
588 2508 789 2576 pepigit,
814 2505 999 2570 vidisse;
1025 2506 1103 2556 hic
1118 2507 1313 2572 inclytus
1332 2505 1410 2555 ille

302 2575 546 2641 AEquoreis
561 2577 705 2625 victor
726 2593 834 2624 cum
853 2574 987 2624 classe
1005 2574 1214 2624 Lutatius
1234 2574 1385 2623 armis.

305 2645 355 2694 Si
365 2644 572 2706 studium,
587 2649 628 2692 &
637 2643 802 2695 saevam
815 2642 1094 2711 cognoscere
1101 2641 1347 2693 Amilcaris
1356 2641 1597 2705 umbrant&¹

307 2712 398 2775 Illa
416 2713 500 2782 est,
525 2729 661 2768 cerne
680 2712 871 2782 procul,
892 2709 969 2767 cui
983 2710 1110 2775 frons
1126 2728 1214 2779 neq
1227 2723 1374 2768 morte
1390 2708 1566 2763 remiffa.
