1627 3056
238 179 295 223 30
773 172 1011 219 Notis

235 240 382 295 jec'lus,
412 239 604 292 proteelus
617 272 632 290 ,
664 245 862 294 preteHus.
890 245 962 285 Ad
984 248 1067 286 haec
1090 248 1192 287 reC're
1214 247 1399 290 observat
1419 247 1545 289 inter-v·

240 309 331 348 pres
365 296 519 349 Anglus
539 312 548 334 :
571 314 598 331 ct
615 297 714 335 This
742 297 841 338 kind
864 301 917 338 of
939 302 1163 340 recreation
1186 301 1381 354 formerly
1407 303 1450 343 in
1476 306 1543 343 use

241 366 271 386 >a
309 363 460 404 among
497 352 563 389 the
601 352 805 392 Romanes
844 353 876 391 is
917 367 1012 394 now
1051 369 1245 395 common
1285 371 1436 410 among
1476 361 1543 397 the

241 420 269 438 υ
302 405 460 452 Turks,
486 406 580 444 who
603 407 717 444 teach
741 407 845 446 their
871 407 1006 448 horses
1031 422 1074 448 to
1101 411 1245 456 knee1‚
1279 410 1359 450 and
1388 412 1544 450 receive

240 475 268 493 κ
300 459 410 496 them
442 471 496 497 on
532 459 635 499 their
670 461 785 500 backs
807 491 822 508 ,
857 460 938 500 and
973 463 1015 501 in
1046 463 1121 502 full
1145 465 1292 503 carries
1315 496 1332 512 ,
1378 478 1422 504 ro
1454 466 1543 517 leap

240 529 268 548 aa
289 512 406 552 from
434 525 513 552 one
543 513 658 553 horse
683 527 728 553 to
759 517 955 562 another,
990 527 1030 555 to
1059 517 1098 569 ly
1129 518 1250 571 along
1275 533 1379 569 upon
1407 523 1507 558 them
1525 550 1543 567 ,

240 582 267 602 aa
300 579 345 604 or
376 580 418 604 ro
444 565 556 606 stand
581 567 739 619 upright
768 583 822 608 on
849 570 954 608 their
973 570 1108 609 naked
1131 572 1247 610 backs
1267 601 1277 618 ‚
1310 572 1430 612 while
1450 575 1545 623 they

239 637 269 654 ω
299 634 372 658 run
402 634 442 659 at
472 621 543 659 full
569 622 722 673 speed:
753 622 833 662 and
859 624 936 661 this
967 637 1010 662 to
1033 626 1080 664 be
1101 623 1208 664 done
1240 624 1470 678 frequently
1501 627 1547 665 in

239 690 266 708 :a
299 675 365 713 the
395 673 682 727 Hippodrome
710 689 751 715 at
783 677 1117 731 Constantinople
1141 697 1182 718 υ.
1219 682 1302 719 Stat
1333 680 1427 719 hinc
1461 692 1545 719 vox

235 730 449 776 porreHus.

300 798 392 832 470.
432 782 633 824 Volucris.
664 784 808 837 Scripti
827 797 969 825 onmes
987 816 998 834 ,
1023 786 1075 827 R.
1102 799 1139 826 2.
1160 788 1211 826 In
1233 787 1285 827 R.
1307 800 1342 826 1.
1368 784 1546 828 Mediol.

239 834 325 875 Ben
366 837 501 876 Parm.
522 838 691 879 volucri.

295 906 389 940 477.
418 892 635 945 Adveafis‚
663 895 697 931 δ’
721 904 815 932 tum.
841 893 903 932 Sic
922 896 1024 932 reE'te
1041 906 1073 933 c.
1093 894 1186 933 Col.
1205 894 1337 946 Prope
1354 893 1398 933 in
1412 907 1444 933 c.
1461 894 1548 937 Ox·

240 947 509 999 adversi-sat,
541 947 644 986 mala
670 946 880 987 divisione.
913 948 973 986 Ira
998 947 1140 987 vitiose
1168 949 1209 986 in
1236 949 1414 1000 pluribus
1438 950 1548 988 anti·-

240 1001 328 1054 quis
345 1031 355 1047 ‚
392 1001 459 1038 ubi
483 1001 606 1040 etiam
629 1012 711 1041 tum
737 1002 802 1040 vel
833 1013 923 1040 tunc
945 1003 1166 1041 omittitur.
1196 1003 1350 1042 Vc-cem
1380 1004 1442 1053 qui
1461 1016 1547 1043 non

241 1053 330 1092 vidi
359 1055 400 1092 in
432 1054 623 1107 antiquis.
653 1055 758 1094 Dele
781 1055 1046 1106 parenthesim
1073 1055 1159 1109 post
1186 1070 1297 1097 arma
1317 1087 1327 1104 ,
1358 1060 1397 1096 &
1421 1070 1549 1097 trans-

241 1106 302 1147 fer
329 1107 413 1160 post
437 1109 602 1157 ovanti,
639 1110 683 1147 in
703 1122 796 1148 meo
825 1123 952 1149 textu.

295 1171 389 1211 489.
419 1163 513 1203 Cum
539 1165 702 1213 foedere.
733 1164 796 1201 Sic
813 1164 944 1215 plures
959 1161 1126 1215 antiqui.
1162 1162 1269 1202 Aliis
1288 1175 1368 1203 tum
1382 1165 1547 1215 foedere.

295 1232 388 1266 494.
418 1217 478 1258 Et
505 1216 689 1270 pignora.
719 1215 927 1257 offerebat
959 1215 1160 1268 Heynfius
1192 1216 1232 1256 in
1255 1217 1458 1272 pignora;
1499 1219 1548 1260 fic

240 1269 409 1311 Beneffa
426 1302 436 1318 ‚
466 1270 534 1310 sed
559 1273 616 1310 nil
643 1284 757 1311 muto
784 1285 874 1311 cum
897 1271 1110 1311 Drakenb.
1145 1270 1323 1319 Quidam
1343 1273 1511 1327 pignore
1528 1304 1547 1322 ,

243 1326 364 1365 male.
398 1326 619 1365 Historiam
646 1325 741 1365 vide
768 1325 957 1374 invLivio
977 1356 987 1372 ,
1022 1325 1080 1364 Π.
1104 1337 1138 1364 c.
1183 1339 1244 1372 13.

304 1393 396 1427 501.
420 1379 525 1419 Huic
553 1380 621 1430 est.
648 1380 711 1429 Εἰς
731 1378 814 1419 duo
841 1379 1005 1431 scripti,
1036 1383 1075 1419 ὃ(
1100 1377 1198 1418 edit.
1219 1378 1386 1432 princip.
1408 1379 1548 1421 Beness

240 1433 295 1474 In
328 1447 362 1474 c.
389 1434 433 1473 Ρ.
464 1433 540 1474 hic.
575 1435 684 1474 Male
715 1433 803 1473 hinc
828 1430 1037 1473 arcessunt.
1066 1432 1191 1472 Deest
1217 1431 1270 1483 est
1298 1434 1340 1472 in
1366 1436 1416 1474 R.
1439 1449 1476 1474 z.

305 1503 392 1528 cz.
417 1488 726 1532 Memorandum
746 1503 768 1530 a
793 1488 958 1547 virgine.
995 1488 1095 1529 Duo
1116 1485 1264 1540 scripti.
1298 1488 1422 1529 Deest
1452 1503 1477 1531 a
1506 1488 1550 1530 in

246 1542 337 1583 aliis
367 1547 405 1583 &
430 1543 480 1582 R.
509 1558 542 1583 1.
575 1557 613 1584 2.
642 1545 742 1584 Ben-

305 1612 395 1648 507.
422 1597 510 1639 Heu
544 1598 640 1652 quis.
671 1599 825 1638 [mitat.
849 1597 994 1651 virgil.
1013 1596 1070 1637 II.
1098 1609 1190 1647 274.

304 1666 393 1697 512.
426 1652 557 1694 Saxi!
591 1668 718 1695 unum.
749 1655 876 1693 Locus
901 1665 1043 1703 anceps
1061 1681 1072 1698 ,
1103 1647 1212 1690 varie
1239 1661 1459 1703 corruptus.
1483 1650 1552 1690 Se-

243 1716 350 1758 quor
379 1706 586 1747 Barthium
604 1739 614 1755 ,
646 1721 768 1759 quem
792 1706 918 1758 carpit
948 1710 986 1746 &
1012 1704 1142 1744 statim
1174 1704 1367 1756 approbat
1396 1704 1552 1759 Heyns.

248 1772 271 1798 e
302 1760 395 1798 loco
421 1759 595 1807 Ovidii,
622 1774 809 1811 unumque
836 1771 920 1798 erat
947 1759 1088 1798 omnia
1114 1758 1274 1798 vulnus.
1303 1757 1459 1799 Confer
1482 1757 1553 1814 sil.

244 1813 274 1855 L
306 1814 351 1852 V.
386 1828 472 1860 333.
512 1814 631 1853 Certe
660 1828 775 1853 unum
804 1813 857 1851 est
885 1813 927 1850 in
951 1826 984 1851 c.
1012 1813 1063 1850 T.

306 1881 394 1913 5¹3·
425 1868 567 1921 Quem.
589 1868 687 1907 Duo
711 1867 868 1918 scripti,
895 1867 943 1904 R.
967 1878 1002 1903 2.
1027 1863 1133 1903 Aliis
1153 1878 1248 1916 qua.
1272 1865 1372 1904 Non
1397 1864 1554 1918 sequor.

307 1929 394 1961 526.
427 1923 619 1961 Acerros.
660 1921 815 1960 Confer
841 1918 943 1958 Livi.
974 1917 1091 1957 vm.
1124 1932 1184 1964 30.
1220 1918 1273 1958 de
1308 1919 1434 1959 Fabio
1466 1932 1553 1959 rna·

248 1971 371 2030 gistro
401 1977 598 2029 equitum.

305 2044 394 2080 527.
434 2029 543 2084 Juffiz
580 2029 732 2069 Imitat.
769 2028 940 2066 Homer.
966 2023 1118 2064 xxm.
1154 2039 1242 2065 110.
1275 2027 1353 2080 seq.
1397 2026 1554 2067 Confer

247 2083 338 2123 val.
370 2084 475 2123 Flac.
506 2083 583 2124 ΠΙ.
614 2092 701 2132 163.
729 2081 872 2135 Virgil.
902 2080 972 2119 XI.
1002 2092 1091 2125 135.
1544 2090 1552 2095 ·

305 2142 396 2184 528.
428 2138 590 2190 Sparso.
624 2138 685 2176 Sic
713 2149 855 2176 omnes
880 2133 1048 2187 antiqui.
1077 2132 1185 2172 Male
1216 2133 1303 2180 aliis
1315 2134 1493 2187 sparsos.

306 2206 396 2237 531·
431 2192 572 2232 Alma.
605 2192 652 2232 C.
682 2192 767 2231 Ox.
796 2202 918 2244 quern
947 2190 1102 2240 sequor.
1131 2188 1283 2238 Heyns.
1312 2188 1396 2227 alta
1416 2220 1432 2236 ,
1471 2187 1555 2228 fine

249 2245 343 2288 fide.
384 2246 445 2285 At
482 2246 525 2285 in
563 2245 614 2286 R.
653 2259 684 2285 ι.
720 2259 755 2284 2.
795 2243 888 2284 alba
913 2273 922 2290 ,
968 2245 1007 2282 &
1040 2253 1158 2281 antea
1194 2240 1286 2280 altoe
1312 2254 1386 2293 pro
1418 2240 1554 2291 alhae3

251 2313 371 2355 arque
397 2300 452 2339 ita
481 2324 519 2332 ·-
547 2299 640 2339 altoe
673 2298 843 2355 populus
870 2297 964 2338 alba
991 2308 1120 2336 comae
1147 2311 1157 2335 ι
1194 2294 1245 2335 fic
1274 2308 1435 2353 quoque
1464 2294 1556 2348 plu-

250 2367 312 2394 res
365 2350 496 2407 E‘ligat
519 2354 657 2393 lenor.

315 2421 403 2454 532·
447 2408 629 2448 Condita.
670 2405 733 2445 Sic
765 2418 934 2451 omnes,
971 2416 1053 2457 quo
1082 2403 1199 2442 sensu
1232 2402 1342 2441 ’ἔκευθε
1377 2401 1554 2442 vendidit

251 2475 326 2513 pro
343 2462 445 2511 flevit
467 2463 509 2499 in
533 2462 700 2511 Hymno
724 2457 1080 2499 Pseudhomerico.
1112 2456 1219 2495 Vide
1239 2457 1313 2496 111.
1344 2470 1441 2502 350,
1470 2468 1552 2495 not.

251 2515 408 2555 Frustra
431 2529 527 2569 ergo
549 2516 634 2553 vult
661 2514 805 2565 confita
834 2514 988 2565 Heyns.
1016 2510 1128 2565 quod
1150 2510 1260 2550 idem
1292 2511 1358 2551 est.
1388 2511 1554 2550 Otiatut

253 2570 378 2608 etiam
409 2570 470 2608 hic
499 2570 627 2608 Drak.
967 2615 970 2616 ⁷
1138 2588 1142 2592 ¹

311 2636 327 2668 ς
341 2638 352 2668 3
367 2637 398 2667 3.
419 2624 576 2662 Pinum.
602 2624 664 2662 De
682 2620 850 2673 septima
867 2620 990 2673 specie
1006 2617 1107 2670 pini.
1137 2617 1177 2657 J.
1197 2617 1367 2659 Bauhin.
1387 2618 1552 2659 Theatr·

254 2676 401 2716 Bjotan.
431 2677 646 2728 Zwingeri.
676 2690 713 2729 p.
745 2683 833 2723 158.
1385 2688 1393 2695 ’
1522 2687 1524 2690 ’

313 2744 400 2778 ςςο.
433 2731 548 2773 Leti.
574 2730 624 2775 ln
652 2726 959 2785 antiquisleti,
990 2726 1094 2768 letho
1112 2757 1129 2777 ,
1169 2725 1265 2768 leto.
