1653 3056
169 81 242 138 30

179 243 267 290 305

171 1254 266 1301 320

531 60 1234 126 S1L111TAL1c1

384 155 607 208 Lavimus
640 160 861 211 Henneas
891 162 1093 211 animoso
1126 163 1343 231 sanguine
1366 163 1509 214 valles
1529 202 1544 227 ,

309 223 368 273 Et
394 227 473 275 vix
504 229 727 277 conducto
754 229 1051 292 produximus
1082 248 1206 278 arma
1237 231 1446 280 Lacone.

306 292 411 342 Nos
438 295 605 343 ratibus
637 296 796 345 laceris
824 298 1017 363 Scyllaea
1046 298 1324 361 replevimus
1353 313 1479 348 antra
1497 338 1510 359 ,

307 360 533 411 Claffibus
556 369 595 410 &
621 365 762 412 refluo
780 404 792 426 ,
820 364 1146 428 speciavimus,
1176 383 1354 429 aequore
1379 365 1515 428 raptis

307 428 531 478 Contorta
551 448 576 478 e
592 429 737 479 fundo
764 447 1087 481 revomentem
1107 434 1290 480 transtra
1305 430 1611 496 Charybdim.

305 495 500 559 Respice
515 535 526 559 ,
544 497 628 560 pr&
646 507 655 546 l
672 498 859 549 demens
873 540 885 560 ‚
904 500 988 563 pro
1012 508 1021 547 ὲ
1045 503 1201 561 pec-'tus
1219 501 1354 548 inane
1373 498 1611 559 Deorum,

305 560 493 629 AEgates
510 604 522 625 ‚
546 564 798 631 Libyaeque
819 569 981 631 procul
1010 566 1227 616 fluitantia
1254 570 1477 616 membra.

306 630 421 693 Quo
443 632 532 681 ruis
551 643 564 678 ?
583 637 624 681 &
645 633 801 682 Patriae
821 635 957 683 exitio
977 634 1059 683 tibi
1077 634 1264 683 nomina
1285 635 1441 699 quaeris
1460 646 1475 683 ἒ

306 696 493 747 Scilicet
512 699 769 762 immensae,
792 701 894 750 vifis
914 701 1190 764 juvenilibus
1218 702 1353 750 armis
1367 741 1380 763 ,

306 764 547 814 Subsident
565 767 711 830 Alpes
738 777 747 816 ἐ
771 768 964 817 subsidet
989 770 1113 817 mole
1149 769 1290 817 nivali

282 832 502 895 Alpibus
528 850 759 899 aequatum
782 837 992 885 attollens
1021 851 1158 899 caput
1181 835 1451 900 Apenninus
1479 855 1494 899 3

304 900 394 948 Sed
423 918 610 965 campos
634 901 709 951 fac
738 921 856 953 vane
883 903 978 952 dari
1001 924 1014 967 3
1040 921 1151 951 num
1180 903 1389 970 gentibus
1410 903 1494 951 istis

304 967 528 1017 Mortales
554 969 693 1017 animi
714 981 728 1016 ἓ
756 986 835 1020 aut
851 971 998 1033 ferro,
1026 970 1267 1019 flammave
1290 969 1533 1020 fatiscunt?

304 1035 447 1083 Haud
473 1036 555 1085 tibi
578 1036 758 1086 Neritia
783 1056 940 1087 cernes
967 1056 1075 1086 cum
1101 1038 1228 1102 prole
1255 1038 1476 1088 laborem.

302 1101 516 1152 Pubescit
542 1104 688 1152 castris
711 1106 862 1168 miles,
892 1106 1116 1174 galeaque
1140 1120 1345 1154 teruntur

304 1169 532 1220 Nondum
558 1172 734 1239 fignatae
760 1172 877 1224 flava
901 1176 1119 1241 lanugine
1148 1174 1296 1222 malae.

303 1237 410 1286 Nec
434 1239 611 1303 requies
637 1240 721 1289 aevi
746 1256 881 1301 nota,
909 1240 1252 1308 exsanguesque
1276 1238 1496 1287 merendo

303 1306 431 1354 Stant
455 1308 603 1369 prima
635 1307 750 1356 inter
775 1309 898 1376 figna
931 1309 1056 1356 senes
1073 1343 1087 1363 ,
1116 1307 1351 1372 letumque
1378 1306 1610 1356 lacessunt.

301 1373 403 1433 Ipse
430 1390 518 1437 ego
546 1373 775 1423 Romanas
792 1417 804 1438 ‚
827 1375 1020 1438 perfosso
1050 1391 1266 1437 corpore,
1288 1389 1458 1421 turmas

304 1440 426 1488 ‘fc-la
454 1440 766 1504 intorquentes
792 1459 1004 1505 correpta
1029 1459 1054 1489 e
1077 1442 1265 1491 vulnere
1290 1440 1384 1489 vidi
1405 1460 1415 1487 :

301 1506 412 1556 Vidi
435 1508 624 1567 animos,
642 1510 901 1575 mortesque
915 1509 1080 1567 virum,
1101 1507 1365 1572 decorisque
1382 1508 1608 1559 furorem.

303 1573 351 1621 Si
378 1575 503 1622 bello
535 1575 723 1637 absistis,
753 1593 841 1626 nec
869 1592 913 1625 te
937 1575 1183 1627 vifioribus
1215 1573 1349 1623 offers
1369 1613 1380 1634 ‚

303 1641 541 1705 Quantum
570 1641 682 1691 heu!
712 1643 946 1711 Carthago
971 1643 1107 1692 donat
1126 1641 1206 1691 tibi
1230 1640 1455 1710 sanguinis
1478 1641 1614 1689 Han-

505 1721 630 1757 non?

369 1774 535 1824 Gestar
557 1776 614 1825 ad
635 1776 731 1827 haec
749 1799 759 1827 ε
780 1794 979 1843 namque
1000 1776 1241 1842 impatiens
1259 1775 1511 1843 ,asperque
1533 1794 1613 1829 cos

505 1846 673 1908 quebat

301 1909 589 1961 Jamdudum
619 1911 818 1963 immites
845 1912 931 1962 iras
952 1953 964 1974 ,
996 1911 1288 1975 mediamque
1313 1909 1540 1975 loquentis

303 1977 379 2025 Bis
404 1994 592 2027 conatus
613 1994 707 2027 erat
727 1982 951 2028 turbando
975 1983 1246 2041 abrumpere
1268 1996 1435 2026 vocem
1457 1997 1469 2025 :

302 2045 580 2094 Concilione
597 2087 608 2106 ‚
639 2048 783 2109 inquit
804 2086 816 2107 ,
843 2047 1003 2107 Libyae
1027 2086 1037 2107 ,
1069 2046 1307 2111 Tyrioque
1342 2046 1509 2092 Senatu
1533 2081 1545 2103 ,

300 2112 392 2159 Pro
417 2113 599 2175 Superi!
628 2113 856 2161 Ausonius
878 2114 1008 2162 miles
1030 2113 1175 2162 sedet?
1201 2130 1415 2175 armaque
1437 2110 1612 2158 tantum

302 2178 447 2226 Haud
467 2181 577 2228 dum
600 2181 743 2229 summ
764 2181 887 2229 viro:
909 2199 1019 2229 nam
1041 2196 1202 2228 caetera
1219 2198 1309 2227 non
1333 2180 1445 2226 latet
1465 2176 1613 2226 hostis,

265 2292 268 2297 ,
301 2245 446 2294 Nunc
470 2247 675 2313 geminas
699 2247 844 2310 Alpes
862 2288 874 2308 ‚
903 2248 1294 2310 Apenninumque
1316 2246 1511 2294 minatur
1536 2263 1547 2291 :

173 2395 262 2445 335

304 2311 449 2361 Nunc
472 2315 589 2362 freta
617 2315 807 2362 Sicaniae
827 2355 839 2376 ‚
874 2321 913 2362 8c
939 2315 1121 2380 Scyllaei
1150 2314 1292 2363 litoris
1319 2314 1460 2359 undas
1485 2331 1495 2359 ε

304 2378 412 2428 Nec
423 2383 583 2443 procul
597 2383 656 2428 est
669 2382 776 2446 quin
791 2381 883 2444 jam
904 2383 1091 2442 Manes,
1107 2381 1382 2443 umbrasque
1403 2377 1617 2441 pavescat

301 2447 582 2496 Dardanias:
613 2462 737 2496 tanta
769 2450 1032 2496 accumulat
1061 2448 1291 2510 praeconia
1328 2448 1420 2495 leto
1442 2484 1454 2506 ,

303 2512 673 2579 Vulneribusque
697 2514 847 2564 virfim
867 2555 879 2574 ,
907 2516 1120 2579 tollitque
1153 2515 1208 2562 ad
1242 2514 1382 2562 fidera
1407 2525 1611 2578 gentem.

301 2580 555 2630 Mox-talem
575 2622 587 2643 ,
623 2581 737 2631 mihi
773 2582 909 2630 crede
932 2622 944 2643 ,
975 2582 1086 2631 licet
1114 2581 1360 2629 formidine
1395 2578 1515 2640 turpi

302 2646 489 2714 Frigida
510 2649 647 2698 corda
670 2662 893 2710 tremant,
917 2648 1160 2698 mortalem
1183 2647 1401 2696 sumimus
1421 2646 1612 2694 hostem.

182 2729 285 2782 340
320 2714 432 2771 Vidi
464 2734 552 2786 ego
590 2734 763 2785 quum,
796 2716 1002 2785 geminas
1036 2716 1138 2767 artis
1162 2717 1258 2782 post
1289 2729 1416 2782 terga
1447 2711 1616 2764 catenis
