1653 3056
480 121 1073 183 L132R111.
1418 143 1497 198 49

178 227 268 277 His
290 223 421 275 simul
442 223 675 273 immitem
696 222 907 271 testantes
933 238 1128 284 corpore
1150 219 1296 269 solem

183 293 338 343 Exusti
356 292 528 343 venere
551 291 602 339 N
607 293 705 339 ubae
726 309 737 338 :
761 306 856 337 non
877 308 992 338 aerea
1010 288 1140 336 caffis
1154 328 1167 349 ,

51 374 146 421 270
182 361 299 410 Non
319 360 465 410 lorica
487 358 604 425 riget
622 357 746 406 ferro
766 396 780 419 ,
803 373 898 405 non
920 356 1119 406 tenditur
1140 373 1268 404 arcus
1289 376 1304 406 t

181 430 421 493 Tempora
443 425 692 489 multiplici
711 443 812 474 mos
836 425 898 473 est
924 424 1172 473 defendere
1193 424 1288 473 lino
1309 463 1325 487 ,

181 497 243 546 Et
260 497 355 546 lino
375 496 556 545 munire
575 495 724 557 latus;
748 492 1059 557 scelerataque
1084 490 1230 541 succis

178 565 367 626 Spicula
387 563 594 630 derigere
611 602 623 624 ,
644 569 687 610 &
707 562 884 610 ferrum
906 560 1198 609 inflammare
1219 576 1422 611 veneno.

184 631 316 682 Tum
341 632 541 696 primum
563 630 712 679 castris
733 627 1011 676 Phoenicum
1036 628 1224 677 tendere
1251 627 1340 676 ritu

49 710 144 760 '275
184 700 406 766 Cinyphii
426 698 625 748 didicere
655 697 805 745 Macae
830 716 840 744 ε
862 695 1114 760 squalentia
1141 697 1282 744 barba

186 768 291 818 Ora
309 767 450 831 viri33
477 764 786 829 humerosque
811 778 975 831 tegunt
998 763 1232 813 velamine
1259 765 1389 828 capri

181 836 435 901 *SaetigerQ
458 834 606 898 pandi
627 850 789 881 manus
817 834 877 879 est
904 845 1078 880 armata
1107 833 1272 882 careia.

185 902 454 952 Versicoior
476 917 636 951 contra
656 913 779 949 cetra
795 938 808 960 ,
835 906 876 947 &
899 899 1097 948 falcatus
1119 901 1167 948 in
1189 900 1369 964 harpen

188 969 316 1018 Ensis
345 968 730 1033 Adyrmachidis,
756 984 812 1015 ac
835 966 952 1015 laevo
979 967 1184 1035 tegmina
1214 986 1363 1018 crure.

57 1042 152 1087 280
187 1037 280 1086 Sed
302 1038 468 1101 mensis
489 1038 619 1100 asper
641 1035 840 1100 popuius
856 1074 868 1096 ‚
889 1034 1104 1100 victuque
1126 1035 1367 1104 maligno:

189 1107 321 1156 Nam
352 1104 503 1154 calida
532 1105 671 1152 tristes
694 1104 840 1167 epuiae
863 1117 1092 1152 torrentur
1120 1105 1274 1155 arena.

190 1173 323 1237 Quin
344 1179 388 1222 &
412 1171 596 1237 Massyli
617 1170 842 1239 fulgentia
869 1171 990 1238 signa
1015 1170 1159 1221 tulere
1175 1212 1189 1235 ‚

193 1240 505 1303 Hesperidum
529 1239 718 1290 ven-iens
740 1238 854 1287 lucis
881 1240 1043 1288 domus
1063 1240 1225 1290 ultima
1250 1258 1399 1293 rerrae⁹

190 1307 378 1357 Praefuir
402 1308 592 1357 intortos
615 1305 826 1356 demissus
847 1307 1022 1357 vertice
1048 1307 1194 1358 crines

62 1378 154 1434 285
192 1376 406 1424 Bocchus
428 1389 560 1424 atrox
575 1415 587 1436 ,
614 1374 692 1439 q-ui
711 1374 903 1422 sacratas
927 1374 976 1423 in
997 1376 1133 1424 litore
1161 1378 1337 1442 sylvas,

192 1444 351 1507 Atque
374 1443 490 1491 inter
508 1442 693 1491 frondes
718 1442 993 1491 revirescere
1012 1443 1188 1493 viderat
1213 1463 1394 1497 aurum.

194 1510 296 1560 Vos
317 1528 500 1575 quoque
520 1509 702 1558 desertis
723 1510 768 1557 in
792 1510 930 1558 castra
949 1511 1208 1573 mapalibus
1228 1514 1300 1564 itis

194 1577 387 1626 Misceri
409 1578 623 1646 gregibus
651 1577 852 1627 Gaetulia
873 1577 999 1626 sueta
1026 1578 1229 1628 ferarum
1248 1620 1260 1642 ,

197 1645 527 1711 Indomitisque
547 1645 673 1711 loqui
691 1685 704 1707 ,
730 1653 773 1692 &
795 1645 950 1694 sedare
972 1646 1183 1695 leonibus
1206 1648 1293 1699 iras
1313 1669 1325 1698 e

64 1728 160 1769 290
198 1712 347 1762 Nulla
367 1713 558 1777 domu33
584 1714 786 1777 plaustris
808 1714 1014 1763 habitant
1036 1736 1046 1763 :
1072 1716 1270 1783 migrare
1293 1737 1377 1783 per
1401 1737 1509 1773 arva
1545 1734 1549 1738 '

193 1781 303 1828 Mos
322 1817 336 1839 ,
356 1797 492 1846 atque
513 1797 712 1830 errantes
732 1781 1087 1832 circumveRare
1105 1784 1312 1837 Penates,

195 1847 286 1896 His
309 1849 438 1896 misse
464 1849 663 1913 aiipedes
685 1864 845 1897 turmae
864 1889 875 1910 ‚
897 1851 1105 1899 velocior
1124 1851 1256 1902 Euris
1271 1894 1286 1916 ,

190 1915 255 1963 Et
283 1916 436 1964 doetus
460 1917 597 1984 virgae
625 1917 801 1979 sonipes
820 1918 865 1966 in
888 1919 1028 1967 castra
1048 1921 1224 1970 ruebat.

197 1984 320 2043 Ceu,
347 1985 511 2047 pernix
539 2002 683 2049 quum
705 1985 841 2033 densa
865 1985 992 2053 vagis
1015 1986 1248 2037 latratibus
1272 1989 1435 2056 implet

65 2065 157 2110 &95
196 2050 408 2100 Venator
429 2052 613 2100 dumeta
639 2053 798 2100 Lacon
816 2092 828 2114 ,
855 2068 932 2101 aut
957 2054 1099 2121 exigit
1123 2055 1309 2107 Umber

195 2118 327 2169 Nare
352 2119 490 2188 sagax
517 2138 543 2168 e
574 2120 692 2168 calle
715 2120 833 2168 feras
849 2158 861 2180 ‚
886 2123 1124 2183 perterrita
1148 2123 1240 2172 late

197 2186 406 2254 Agmina
426 2187 707 2251 praecipitant
726 2188 942 2237 volucres
963 2190 1211 2239 formidine
1237 2193 1379 2246 cervi.

197 2254 303 2303 Hos
330 2255 423 2322 agit
444 2255 566 2302 haud
590 2255 696 2304 laeto
722 2255 854 2306 vultu
871 2295 883 2316 ,
905 2272 993 2304 nec
1018 2256 1170 2306 fronte
1194 2259 1359 2311 seren&

195 2321 393 2387 Asbytes
418 2339 567 2385 nuper
594 2323 714 2371 caes'ae
742 2339 986 2390 germanus
1011 2323 1255 2377 Acherras.

63 2404 89 2453 3
99 2405 161 2435 00
263 2389 555 2440 Marmaridae
566 2429 579 2451 ,
593 2390 826 2439 medicum
838 2390 1006 2457 vulgus
1018 2432 1030 2453 ,
1041 2392 1268 2455 strepuere
1281 2398 1474 2451 catervis
1488 2417 1507 2450 ε

198 2457 277 2506 Ad
301 2474 495 2522 quorum
519 2471 676 2506 cantus
696 2458 877 2520 serpens
895 2458 1037 2507 oblita
1057 2462 1257 2524 veneni,
1504 2459 1507 2461 ’

198 2523 278 2571 Ad
307 2542 504 2588 quorum
530 2527 699 2573 taCtum
719 2525 852 2576 mites
875 2525 1059 2590 jacuere
1084 2530 1276 2579 cerassae.

199 2590 354 2651 Tum,
379 2592 583 2656 chalybis
607 2611 782 2657 pauper
796 2635 809 2656 ‚
830 2593 1038 2642 Baniurae
1059 2597 1197 2645 cruda
1215 2598 1429 2667 Juventus
1441 2637 1459 2664 ,

195 2656 417 2716 Contenti
435 2660 573 2732 parea
594 2660 765 2718 durasse
788 2661 959 2733 hastilia
977 2664 1163 2724 flamma
1174 2699 1193 2740 2
1263 2732 1309 2784 C
