1627 3056
160 188 275 260 264
540 183 1279 243 S1L111TA11<21

300 285 422 335 Cata
445 301 608 347 parens
624 323 638 347 ‚
670 283 808 349 quam
825 324 839 346 ‚
869 298 915 333 te
933 297 982 333 ut
999 282 1130 332 nobis
1150 283 1306 333 vidiffe
1326 282 1517 347 liceret,

166 361 258 417 ὄις
299 351 538 416 Optaffem
559 352 737 419 Stygias
760 393 771 412 ,
798 353 875 402 vel
895 353 986 400 leto
1007 352 1172 399 intrare
1192 353 1400 400 tenebras
1420 361 1430 400 l

298 421 417 483 Quae
437 420 527 468 sors
546 421 690 468 nostra
709 419 825 482 fuit,
848 420 923 469 cui
939 434 982 467 te
996 459 1009 480 ‚
1036 435 1179 483 quum
1200 419 1346 482 prima
1367 416 1561 480 subiret,

297 487 476 551 Eripuit
501 487 591 536 fine
615 487 789 536 honore
807 523 819 543 ,
849 487 942 535 dies
959 525 974 549 ‚
1001 492 1043 534 ὃ(
1068 485 1230 534 funere
1257 487 1450 549 carpsit?

296 554 481 618 Excipit
508 555 576 603 his
603 570 752 604 mater
781 575 790 603 ε
825 555 974 604 nullos
997 593 1010 615 ‚
1034 571 1061 600 o
1083 592 1094 613 ,
1129 568 1261 616 nate,
1289 554 1468 602 labores

300 623 428 670 Mors
448 622 605 670 habuit
624 625 793 671 nostra:
818 622 1014 671 aethereo
1036 621 1144 668 dum
1166 621 1366 683 pondere
1385 634 1569 686 partum

167 698 194 740 6
203 708 261 755 30
297 689 522 739 Exsolvor
542 730 555 752 ‚
586 690 686 739 miti
710 691 863 738 dextra
893 688 1109 753 Cyllenia
1134 690 1286 751 proles

296 757 494 820 Imperio
519 757 546 811 J
553 757 649 807 ovis
674 757 846 821 Elyfias
872 755 1058 804 deduxit
1085 756 1140 803 ad
1162 774 1294 810 ‘orast

294 824 604 888 Attribuitque
631 842 762 887 pares
789 824 914 873 sedes
932 864 944 885 ‚
977 822 1058 871 ubi
1081 841 1250 891 magna
1279 837 1481 872 moratur

294 892 473 941 Alcidae
505 891 698 959 genitrix
718 932 732 953 ,
762 892 841 940 ubi
866 889 992 940 sacro
1017 908 1207 939 munere
1235 891 1380 940 Leda.

307 967 310 969 ’
363 959 541 1010 Verum
563 977 647 1027 age
661 999 673 1022 ‚
692 975 797 1008 nate
812 999 824 1021 ,
845 973 947 1008 tuos
967 973 1087 1007 ortus
1101 998 1113 1020 ‚
1136 977 1193 1006 ne
1209 959 1333 1006 bella
1349 958 1566 1021 pavescas

160 1031 194 1076 ’ὅ
202 1041 257 1092 35
295 1027 412 1076 Ulla
435 1067 447 1088 ‚
477 1045 565 1075 nec
587 1028 634 1075 in
659 1029 830 1076 coelum
855 1027 1031 1075 dubites
1058 1040 1103 1075 te
1129 1026 1292 1075 tollere
1318 1025 1443 1074 faffis
1461 1065 1474 1086 ‚

291 1094 498 1158 Quando
519 1095 692 1158 aperite
711 1095 839 1144 datur
858 1094 989 1143 nobis
1007 1134 1020 1156 ‚
1051 1111 1175 1143 nunc
1193 1094 1388 1157 denique
1408 1093 1548 1142 disce.

294 1162 403 1210 Sola
429 1162 500 1211 die
529 1179 743 1226 caperem
771 1161 921 1211 medi&
951 1179 1094 1227 quum
1119 1159 1238 1209 forte
1271 1160 1431 1223 petitos

296 1229 374 1276 Ad
400 1229 604 1294 requiem
625 1231 807 1279 somnos
830 1271 842 1292 ,
875 1230 1044 1278 subitus
1069 1226 1184 1276 mihi
1206 1230 1414 1276 membra
1436 1227 1598 1296 ligavit

294 1297 553 1358 Amplexus
569 1337 582 1359 ,
615 1315 706 1345 non
726 1298 803 1345 ille
820 1335 831 1356 ‚
863 1315 970 1344 meo
998 1296 1210 1344 veniente
1234 1295 1395 1342 marito
1414 1336 1426 1353 ,

167 1374 261 1425 640
302 1363 524 1412 Adsuetus
544 1403 556 1422 ‚
586 1363 826 1429 facilisque
852 1363 968 1411 mihi
991 1382 1000 1410 :
1029 1376 1129 1410 turn
1157 1362 1260 1410 luce
1293 1363 1530 1423 coruscum
1551 1402 1565 1425 ‚

295 1432 524 1494 implebat
545 1448 807 1496 quanquam
833 1429 1098 1495 languentia
1122 1429 1297 1477 lumina
1320 1428 1500 1478 somnus
1515 1472 1527 1493 ‚

295 1499 409 1548 Vidi
439 1499 641 1563 (crede)
677 1500 864 1554 Jovem.
900 1498 949 1545 N
956 1515 1009 1545 ec
1031 1515 1106 1545 rne
1134 1510 1303 1544 mutata
1328 1496 1497 1546 fefellit

292 1566 462 1615 Forma
475 1566 593 1628 Dei,
616 1567 740 1630 quod
757 1607 769 1628 ,
792 1565 1074 1631 squalentem
1086 1565 1383 1613 conversusin
1397 1583 1595 1636 anguem

294 1634 476 1700 Ingenti
502 1634 636 1683 traxit
661 1650 846 1685 curvata
871 1633 1109 1682 volumina
1133 1650 1261 1699 ger.

164 1710 253 1766 645
292 1703 382 1750 Sed
404 1700 515 1748 mihi
533 1702 625 1763 post
644 1718 824 1762 partum
843 1717 931 1748 non
952 1701 1068 1748 ultra
1086 1699 1254 1748 ducere
1275 1699 1416 1748 Vitam

295 1768 591 1819 Concessum.
617 1769 755 1819 Heu!
790 1768 1006 1834 quantum
1037 1768 1229 1835 gemui,
1267 1768 1388 1832 qubd
1416 1768 1592 1832 spiritus

495 1849 598 1884 ante

291 1903 411 1952 Haec
428 1903 510 1952 tibi
531 1902 666 1968 quam
684 1901 912 1951 noscenda
932 1902 1086 1951 darem
1108 1939 1120 1960 ,
1150 1902 1338 1963 discessu.
1354 1902 1397 1951 in
1417 1921 1560 1955 auras,

291 1970 561 2025 Hisalacer
583 1970 704 2020 colla
731 1971 945 2033 amplexu
975 1986 1180 2019 materna
1210 1973 1422 2034 petebat:

289 2039 566 2103 Umbraque
585 2052 652 2087 tet
670 2037 828 2086 frustra
845 2055 927 2101 per
945 2037 1081 2086 inane
1100 2037 1238 2100 petita
1256 2037 1437 2088 fefellit.

154 2116 186 2159 ὅ
195 2124 214 2170 5
225 2127 255 2158 0
357 2105 619 2155 Succedunt
637 2106 873 2155 {imula-cra
889 2104 1040 2153 virum
1059 2105 1303 2153 concordia
1318 2145 1330 2166 ‚
1356 2106 1492 2169 patris
1510 2147 1523 2168 ‚

288 2173 605 2238 Unanimique
625 2172 754 2221 simul
772 2173 936 2236 patrui.
957 2171 1066 2221 Ruit
1084 2171 1175 2234 ipse
1195 2190 1276 2235 per
1297 2177 1510 2224 umbram

289 2241 470 2290 Oscula
487 2258 606 2289 vana
625 2255 781 2303 petens
801 2239 1007 2306 juvenis,
1025 2237 1246 2303 fumoque
1266 2240 1443 2289 volucri
1459 2280 1474 2302 ‚

285 2309 346 2357 Et
364 2308 541 2357 nebulis
561 2308 726 2357 fimiles
749 2307 921 2356 animas
948 2307 1228 2372 apprendere
1249 2322 1409 2357 certat.

287 2375 389 2439 Qui
406 2390 475 2433 te,
498 2393 603 2424 care
623 2391 751 2438 pater
767 2416 778 2436 ‚
801 2393 892 2439 quo
911 2376 1082 2424 stabant
1099 2374 1211 2423 Itala
1231 2392 1372 2440 regna
1387 2415 1399 2436 ,

153 2449 244 2504 655
284 2442 460 2490 Exosus
477 2444 664 2491 Latium
683 2483 697 2503 ,
719 2445 852 2492 Deus
877 2442 1079 2493 abstulit?
1102 2442 1326 2491 heimihi!
1349 2460 1456 2492 nam
1479 2461 1558 2494 cut

290 2509 402 2557 Ulla
421 2509 549 2558 fuere
571 2510 685 2558 ade&
703 2551 715 2572 ,
740 2511 902 2574 quibus
921 2528 945 2557 a
967 2526 1012 2558 te
1030 2510 1172 2559 saevus
1191 2509 1386 2559 abessem
1405 2551 1417 2572 ,

286 2576 558 2624 Momenta?
592 2579 795 2639 opposito
817 2577 1054 2626 mutassem
1081 2580 1261 2637 peclote
1282 2593 1496 2628 mortem.

286 2642 500 2705 Quantos
522 2644 757 2693 funeribus
777 2645 928 2694 vestsis
946 2663 1056 2710 gens
1073 2645 1186 2693 Itala
1208 2645 1367 2708 paffim
1388 2645 1389 2649 ’

243 2760 249 2764 ,
280 2709 379 2759 Dat
393 2711 588 2779 gemitus
603 2748 621 2774 ,
643 2713 844 2764 tumulus
860 2713 1017 2777 vobis,
1036 2713 1246 2767 censente
1264 2714 1459 2829 senffiu'
1547 2780 1558 2791 ²

1416 2796 1580 2831 avorus
