1627 3056
140 217 250 274 268
509 213 770 273 StL11
852 217 1252 276 ITAL101

148 331 248 371 770
285 311 474 360 Pectora
493 314 640 361 nostra
661 315 838 376 calent,
862 333 959 380 quae
981 332 1025 364 te
1045 316 1118 366 via
1134 354 1149 376 ‚
1172 317 1270 366 fare
1291 355 1303 377 ,
1329 314 1573 382 [uper-burn

281 379 359 427 Ad
380 379 519 426 decus
545 385 584 427 Sc
609 380 808 429 summas
830 384 1017 430 laudum
1043 383 1306 445 perduxerit
1327 402 1470 441 arces.

282 447 373 494 Ille
393 448 472 493 sub
497 446 619 510 haec;
642 449 783 511 turpis
807 449 919 498 lenti
945 449 1140 498 sollertia
1165 450 1342 500 Martis,

278 512 513 561 Audendo
538 516 660 563 bella
680 516 896 579 expedias
920 537 929 562 z
953 515 1081 582 pigra
1109 517 1270 566 extulit
1293 517 1398 567 artis

276 580 424 628 Haud
449 597 655 645 unquam
680 583 773 632 sese
796 583 935 633 virtus
952 623 963 643 ‚
989 599 1035 630 tu
1057 600 1225 650 magna
1244 585 1434 651 gerendi

144 661 235 706 775
276 647 515 711 Praecipita
535 662 745 713 tempus,
773 668 895 697 mors
918 665 1009 697 atra
1031 651 1266 713 impendet
1288 652 1458 717 agenti.

277 714 397 763 Haec
422 715 585 763 effatus
608 717 716 764 abit.
742 716 884 765 Croefi
908 734 1018 763 mox
1039 717 1220 764 advolat
1245 723 1411 766 umbra

277 782 428 831 Dives
450 783 570 845 apud
593 783 777 845 superos
798 803 812 844 3
839 784 914 831 sed
936 801 1057 830 mors
1083 783 1281 847 aequfirat
1305 785 1478 851 egenis.

345 849 502 912 Atque
525 849 600 897 hic
616 889 628 911 ‚
658 851 808 914 Elysio
832 851 1097 898 tendentem
1120 851 1267 899 limite
1292 869 1483 901 cernens

275 912 491 982 Effigiem
515 915 722 981 juveniS,
752 920 875 966 eastae
900 918 975 966 cui
996 918 1107 966 vitta
1130 917 1304 985 ligabat

141 985 241 1038 780
275 982 513 1046 Purpurea
535 984 700 1032 effusos
720 1002 801 1047 per
825 985 944 1033 colla
967 984 1158 1033 nitentia
1181 985 1327 1034 crines
1349 1024 1362 1047 ‚

275 1049 400 1112 Die,
428 1050 515 1111 ait,
544 1051 618 1099 hic
645 1051 832 1116 quinam
853 1091 864 1111 ,
890 1052 1052 1119 virgo?
1081 1070 1190 1100 nam
1211 1053 1316 1101 luce
1340 1051 1540 1119 refulget

274 1116 512 1181 Praecipufit
533 1118 660 1166 frons
681 1119 804 1168 sacra
823 1119 919 1168 viro
936 1157 949 1177 ,
973 1119 1221 1182 multaeque
1245 1121 1538 1183 frequentant

278 1185 506 1233 Mirantes
532 1187 695 1235 animae
719 1224 732 1246 ,
758 1193 798 1235 8<
822 1187 922 1233 laeto
945 1186 1146 1233 clamore
1175 1186 1437 1251 sequuntur.

276 1251 377 1315 Qui
397 1253 577 1300 vultus!
604 1257 765 1316 quam,
791 1253 822 1300 fi
844 1253 1002 1319 Stygia
1026 1270 1120 1300 non
1142 1252 1249 1300 effet
1271 1254 1319 1301 in
1343 1252 1506 1301 umbra
1524 1291 1539 1315 ‚

144 1324 235 1385 785
274 1318 502 1367 Dixiffem
521 1320 659 1368 facile
684 1319 771 1367 esse
795 1321 979 1368 Deum!
1007 1336 1099 1366 non
1118 1319 1288 1367 falleris
1310 1359 1322 1379 ,
1349 1320 1523 1383 inquit,

278 1388 429 1434 Dofta
454 1404 610 1435 comes
632 1386 806 1436 Trivia:
829 1426 840 1447 ‚
865 1387 1032 1435 meruit
1054 1387 1184 1434 Deus
1205 1386 1291 1435 effe
1314 1387 1485 1449 videri,

277 1454 341 1503 Et
359 1453 445 1502 fuit
463 1454 509 1502 in
530 1468 655 1503 tanto
679 1472 772 1503 non
793 1472 987 1518 parvum
1012 1456 1193 1517 pectore
1217 1472 1405 1503 numen.

279 1521 500 1570 Carmine
524 1522 797 1585 complexus
818 1537 984 1570 terram
1003 1561 1016 1582 ,
1037 1539 1162 1568 mare
1176 1561 1186 1581 ‚
1210 1520 1350 1568 fidera
1370 1561 1382 1582 ,
1401 1537 1560 1569 manes

275 1589 336 1638 Et
363 1604 499 1637 cantu
521 1590 708 1648 Musas,
737 1596 778 1639 δε
800 1589 1027 1638 Phoebum
1051 1588 1243 1652 aequavit
1262 1589 1452 1636 honore.

144 1674 242 1715 790
280 1656 435 1720 Atque
450 1657 546 1707 haec
559 1660 720 1706 cuncta
736 1697 748 1717 ‚
763 1657 885 1720 prius
900 1655 1035 1720 quim
1049 1669 1254 1703 cerneret
1266 1695 1277 1716 ,
1295 1655 1450 1703 ordine
1462 1653 1590 1705 terris

282 1723 513 1785 Prodidit,
540 1741 594 1772 ac
614 1725 808 1773 vestram
828 1723 929 1770 tulit
948 1722 1089 1785 usque
1111 1723 1166 1769 ad
1182 1722 1323 1769 fidera
1342 1721 1552 1787 Trojam.

279 1790 437 1853 Scipio
459 1790 711 1854 persultans
732 1789 876 1839 oculis
903 1789 1158 1837 laetantibus
1177 1791 1390 1836 umbram
1411 1828 1424 1849 ,

276 1857 328 1906 Si
347 1875 472 1906 nunc
497 1858 591 1905 fata
612 1858 768 1905 darent
789 1898 800 1918 ‚
825 1870 873 1904 ut
899 1856 1100 1903 Romula
1121 1855 1236 1903 faffa
1257 1872 1338 1917 per
1360 1858 1519 1903 orbern

281 1924 380 1973 Hic
403 1938 588 1973 caneret
610 1939 735 1972 vates
751 1965 763 1986 ,
787 1940 954 1988 qussnto
976 1921 1151 1986 majora
1170 1922 1373 1983 futuros,

147 2009 240 2055 795
279 1993 419 2042 Pana
437 1992 599 2040 eadem
620 1992 835 2040 intrarent
854 1991 972 2045 hoe,
999 1988 1176 2052 inquit,
1202 1989 1308 2038 teste
1326 1997 1539 2054 nepotes!

145 2054 150 2060 ⁸
280 2060 415 2110 felix
435 2058 630 2109 AEacida
653 2099 665 2121 ,
705 2059 781 2108 cui
801 2058 877 2106 tali
897 2056 1089 2121 contigit
1109 2073 1190 2103 ore.

282 2127 514 2178 Gentibus
535 2127 704 2176 ostendi
725 2131 735 2178 !
761 2126 905 2175 crevit
922 2139 998 2172 tua
1021 2122 1223 2170 carmine
1242 2121 1401 2172 virtus.

347 2195 438 2244 Sed
457 2213 555 2260 quae
575 2208 698 2242 tanta
718 2193 835 2242 adeo
853 2189 1126 2259 grassantum
1141 2191 1296 2239 turba?
1318 2188 1554 2254 requirens

282 2262 499 2311 Heroum
523 2262 694 2328 effigies
714 2299 729 2320 ,
758 2260 953 2322 majores
980 2257 1145 2320 accipit
1169 2257 1369 2305 umbras.

147 2336 248 2383 '800
282 2330 407 2378 Ecce
427 2331 527 2378 viro
543 2331 688 2392 stupet
708 2326 924 2387 AEacide‚
947 2326 1091 2387 stupet
1111 2324 1311 2372 Hectore
1330 2339 1526 2388 magno,

283 2396 531 2460 Aiacisque
554 2397 749 2464 gradum
764 2436 777 2457 ‚
798 2392 1150 2457 venerandaque
1172 2389 1375 2440 Nestoris
1394 2406 1474 2437 ora

284 2462 507 2524 Miratur3
537 2463 746 2528 geminos
765 2463 990 2527 adspectat
1012 2461 1136 2509 laetus
1155 2457 1337 2507 Atridas
1354 2493 1369 2513 ,

283 2530 485 2594 Jamque
504 2531 713 2579 Ithacum
731 2570 742 2592 ‚
764 2532 902 2579 corde
926 2541 1180 2592 aequantem
1195 2524 1358 2574 Pele'ia
1372 2523 1507 2574 fasta.

285 2597 525 2647 Viciuram
544 2596 652 2646 hinc
673 2598 816 2647 cernit
833 2597 988 2646 Ledaei
1011 2594 1207 2644 Castoris
1228 2593 1440 2642 umbram
1461 2608 1475 2640 ε

155 2668 248 2728 ,8ος
288 2664 530 2714 Alternam
549 2666 702 2713 lucem
726 2667 974 2732 peragebat
994 2664 1039 2711 in
1065 2663 1231 2721 aethere
1248 2659 1432 2738 Poilux.

284 2731 378 2793 Sed
398 2731 545 2790 subito
565 2733 716 2787 vultus
738 2735 981 2786 monstrata
1000 2729 1384 2783 Laviniatraxxt:
