1653 3056
124 175 168 231 ’4
448 157 1182 219 StL11I‘rAL1c1

260 253 424 319 Quum
447 257 627 324 fugeret
647 254 773 306 Dido
793 255 1017 304 famulam
1038 255 1227 322 Tyron,
1250 256 1390 322 impia
1408 256 1496 309 diri

158 338 218 384 75
259 322 440 371 Belides
467 322 644 387 juvenis
667 324 893 373 vitaverat
922 341 1048 371 arma
1073 323 1278 389 tyranni,

259 390 320 442 Et
341 390 386 438 se
409 390 679 454 participem
697 391 824 440 casus
844 390 1034 440 sociarat
1052 390 1098 440 in
1121 410 1294 442 omnes,

258 458 447 506 Nobilis
466 460 556 507 hoc
578 472 679 506 ortu
692 497 705 519 ,
722 465 765 508 &
786 459 941 507 dextra
961 459 1183 522 speRatus
1200 459 1436 526 Amilcar,

260 526 333 580 Ut
349 526 436 575 fari
449 566 462 588 ,
479 527 770 591 primamque
791 527 948 575 datum
969 526 1236 595 distinguere
1252 528 1412 599 lingua.

259 592 518 642 Hannibali
536 612 705 644 vocem
717 634 729 656 ‚
752 594 909 646 sollers
924 594 1094 644 nutrire
1111 596 1286 645 furores
1301 600 1336 660 ,⁴

161 669 224 712 80
258 661 523 711 Romanum
542 661 654 711 sevit
673 661 838 725 puerili
864 662 913 711 in
935 664 1117 726 peffmre
1136 664 1331 713 bellum.

330 729 463 780 Urbe
481 729 568 779 fuit
586 729 740 780 mediti
760 729 941 778 sacrum
958 730 1189 796 genitricis
1205 731 1352 781 Eliffae

259 795 480 845 Manibus
495 837 506 857 ‚
526 804 567 846 δε
589 796 732 860 patria
752 796 903 861 Tyriis
922 797 1165 845 formidine
1180 800 1362 851 cultum
1376 838 1390 861 ,

259 864 405 927 Quod
423 866 516 913 taxi
538 864 711 913 circum
725 903 739 926 ,
760 870 801 912 &
821 865 962 928 piceae
979 865 1289 930 squalentibus
1305 866 1483 916 umbris

259 931 572 993 Abdiderant,
589 933 785 997 coelique
802 935 1018 981 arcebant
1032 933 1206 982 lumine
1217 973 1229 995 ‚
1246 936 1491 998 templum.

164 1006 221 1062 85
261 999 373 1048 Hoc
394 999 514 1061 sese,
539 1015 586 1049 ut
605 1000 871 1064 perhibent,
895 1000 1013 1049 curis
1030 1001 1297 1050 mortalibus
1318 1003 1432 1052 olim

260 1067 463 1116 Exuerat
482 1068 637 1135 regina
659 1069 780 1117 loco,
808 1068 937 1117 Stant
960 1087 1192 1118 marmore
1214 1071 1365 1118 maesto

258 1135 447 1199 Effigies
461 1175 473 1197 ,
498 1136 724 1201 Belusque
739 1153 924 1200 parens,
947 1136 1183 1201 omnisque
1201 1151 1424 1201 nepotum

260 1203 309 1250 A
330 1204 443 1251 Belo
468 1204 598 1252 series
620 1225 629 1252 :
653 1205 731 1252 stat
747 1204 894 1271 gloria
913 1203 1058 1271 gentis
1078 1204 1271 1272 Agenor
1286 1245 1297 1266 ,

260 1270 320 1319 Et
345 1271 423 1335 qui
445 1272 585 1339 longa
612 1271 735 1322 dedit
760 1271 886 1320 terris
913 1272 1192 1338 cognomina
1214 1272 1443 1321 Phoenixz

158 1359 224 1401 90
261 1338 364 1401 Ipsa
388 1339 511 1387 sedet
531 1340 717 1388 tandem
737 1354 955 1387 aeternum
980 1339 1222 1403 conjunsta
1244 1339 1439 1404 Sychaeo
1455 1359 1469 1386 ε

258 1406 386 1455 Ante
408 1408 546 1470 pedes
568 1407 680 1455 ensis
704 1407 928 1473 Phrygius
949 1407 1084 1471 jacet.
1106 1406 1287 1455 Ordine
1310 1422 1501 1456 centum

260 1474 394 1523 Stant
412 1493 497 1523 arae
515 1475 712 1539 coelique
730 1475 869 1536 Deis,
891 1474 1136 1539 Ereboque
1157 1475 1345 1538 potenti.

264 1541 364 1590 Hie
388 1543 512 1591 crine
532 1542 673 1590 effuso
689 1581 701 1602 ‚
725 1556 859 1605 atque
877 1541 1088 1594 Henneae
1109 1542 1298 1589 numina
1319 1541 1483 1601 Divae,

259 1610 418 1673 Atque
439 1610 707 1658 Acheronta
725 1623 862 1660 vocat
878 1607 1019 1675 stygia
1039 1626 1145 1656 cum
1165 1610 1283 1659 veste
1302 1609 1528 1661 sacerdos·

158 1691 221 1741 '95
262 1678 487 1745 Immugit
505 1678 639 1726 tellus
654 1718 665 1738 ,
685 1676 945 1742 rumpitque
966 1676 1190 1725 horrenda
1207 1695 1288 1740 per
1304 1679 1490 1726 umbras

262 1744 407 1795 Sibila
422 1765 436 1809 3
454 1745 678 1794 inaccensi
702 1746 893 1812 flagrant
912 1744 1127 1793 altaribus
1146 1746 1291 1812 ignes.

263 1812 395 1863 Tum
418 1814 600 1881 magico
622 1814 813 1863 volitant
834 1828 970 1861 cantu
989 1831 1068 1875 per
1085 1812 1237 1860 inania
1259 1813 1424 1860 Manes

265 1880 419 1930 Exciti
433 1921 444 1942 ‚
466 1881 708 1946 vultusque
726 1881 769 1929 in
793 1899 1022 1929 marmore
1043 1879 1172 1928 sudat
1190 1879 1352 1928 Elissae.

263 1948 504 1997 Hannibal
526 1950 622 1997 haec
636 1989 647 2009 ‚
671 1948 815 2012 patrio
834 1948 947 2014 jussu
964 1988 976 2009 ‚
996 1949 1053 1996 ad
1071 1947 1325 2012 penetralia
1337 1945 1499 1995 fertur.

129 2032 231 2071 §.too
267 2016 547 2084 Ingreffique
568 2017 747 2065 habitus
762 2057 774 2076 ,
797 2031 932 2080 atque
956 2034 1033 2064 ora
1052 2016 1260 2079 explorat
1278 2013 1501 2066 Amilcar.

268 2084 383 2133 Non
405 2085 482 2133 ille
505 2085 678 2135 evantis
701 2083 905 2148 Maffylae
926 2083 1082 2149 palluit
1100 2083 1186 2131 iras
1202 2123 1215 2144 ‚

265 2151 382 2199 Non
409 2152 530 2201 diros
554 2152 715 2212 templi
736 2151 844 2200 ritus
861 2191 874 2213 ,
898 2150 1166 2215 aspersaque
1187 2153 1293 2200 tabo

265 2218 450 2269 Limina
466 2261 479 2282 ‚
500 2225 542 2269 ὅτ.
563 2219 714 2269 audito
733 2218 965 2285 surgentes
986 2218 1186 2266 carmine
1204 2219 1428 2270 flammas,

271 2284 376 2335 Olli
398 2288 690 2351 permulcens
712 2286 892 2354 genitor
915 2301 1076 2349 caput,
1108 2286 1263 2335 oscula
1285 2287 1426 2349 libat3

134 2371 230 2415 {105
271 2354 550 2419 Attollitque
570 2355 745 2403 animos
762 2354 983 2402 hortando
999 2395 1011 2414 ,
1032 2361 1072 2402 &
1093 2354 1256 2402 talibus
1273 2354 1436 2418 implet
1459 2370 1472 2402 ε

337 2422 469 2470 Gens
488 2421 688 2473 recidiva
706 2422 942 2488 Phrygum
964 2419 1180 2470 Cadmeae
1200 2420 1341 2484 stirpis
1360 2421 1573 2474 alumnos

267 2489 536 2539 foederibus
553 2507 643 2537 non
661 2507 788 2554 aequa
806 2488 998 2551 premit:
1016 2489 1044 2537 fi
1061 2489 1154 2538 fata
1172 2488 1380 2556 negatint

268 2557 490 2606 Dedecus
507 2557 551 2605 id
570 2557 729 2606 Patriae
750 2555 896 2604 nostra
915 2556 1146 2620 depellere
1165 2555 1321 2605 dextra
1340 2596 1354 2618 ‚

270 2623 391 2673 Haec
409 2638 484 2674 tua
505 2625 554 2673 fit
573 2625 668 2673 laus
683 2665 696 2685 ‚
720 2638 824 2673 nate
837 2664 849 2685 ,
874 2624 988 2672 velis
1009 2644 1019 2672 z
1040 2643 1124 2691 age
1140 2665 1153 2687 ,
1172 2624 1365 2687 concipe
1383 2622 1505 2680 bella

136 2703 237 2756 [110
271 2691 443 2757 Latum
464 2692 657 2765 exitium
676 2691 1013 2749 Laurentibus:
1036 2692 1217 2758 horreat
1237 2706 1360 2752 ortus
