1653 3056
157 147 259 206 108
505 136 1243 209 SrerI‘rAchr

294 240 509 291 Adversis
535 243 713 311 genitus
740 260 878 294 cerno
906 257 919 293 ἓ
949 259 991 294 te
1014 286 1025 307 ,
1050 248 1255 294 maxime
1275 286 1286 307 ,
1315 245 1445 308 vidi,

283 310 542 359 Dristorum
560 349 573 372 ,
599 329 740 375 quum
768 312 948 375 capt1vo
978 313 1268 380 Carthaginis
1296 330 1451 361 arcem

284 377 503 425 Terreres
523 379 680 439 vultu,
706 379 880 428 crimen
896 419 909 442 ,
931 380 1207 444 culpamque
1232 379 1459 428 Tonantis

189 452 246 506 85
286 444 520 493 Occidere
537 464 551 507 3
570 461 705 511 atque
725 446 848 495 hausi
865 487 877 508 ,
900 465 1040 511 quem
1061 466 1155 495 non
1177 446 1365 496 Sidonia
1386 448 1502 496 testa

287 511 582 575 Expulerint,
606 513 761 563 eversa
776 554 788 575 ,
809 532 914 562 meo
937 514 992 562 de
1015 515 1180 572 corde,
1213 513 1435 562 dolorem.

287 579 400 628 Estis
425 581 530 638 ubi,
555 589 643 628 en!
668 580 831 630 iterum
853 582 1015 643 Superi
1038 593 1051 628 ?
1074 581 1147 630 dat
1168 583 1351 645 pectora
1370 581 1494 630 ferro

287 647 495 713 Regulus
513 686 525 708 ,
547 664 601 696 ac
618 647 799 711 stirpem
818 662 948 696 tantae
976 648 1153 711 perjura
1172 648 1332 697 recidit

289 715 568 780 Surgentem
594 714 825 782 Carthago
856 714 1016 763 domus
1039 725 1048 763 l
1074 716 1177 764 inde
1198 732 1316 782 aegra
1338 713 1515 777 reponit

190 802 253 842 90
293 781 506 829 Membra
523 795 622 829 toro
642 802 651 830 :
672 800 759 830 nec
775 783 895 830 ferre
913 782 1032 830 rudis
1048 781 1352 830 medicamina
1371 787 1387 842 (
1404 781 1571 844 quippe

294 849 509 897 Callebat
528 848 660 897 bellis
681 853 697 908 >
722 865 846 897 nunc
868 864 1031 914 purgat
1052 850 1246 899 vulnera
1272 848 1463 912 lympha
1482 885 1495 909 ,
1561 895 1564 896 γ

285 916 430 964 Nunc
456 916 629 964 mulcet
650 916 794 965 succis
811 935 825 979 3
845 916 957 982 ligat
975 915 1108 977 inde,
1135 933 1188 963 ac
1214 916 1387 965 vellera
1418 912 1559 972 molli,

294 983 563 1034 Circumdat
589 986 705 1032 [λᾶι]
725 1024 737 1043 ,
761 990 800 1032 &
823 998 1051 1046 torpentes
1074 982 1250 1049 mitigat
1270 1001 1405 1033 artus.

361 1050 477 1098 Exin
506 1068 615 1099 cura
641 1051 732 1098 seni
753 1091 764 1111 ,
788 1051 953 1100 tristem
980 1048 1208 1113 depellere
1233 1049 1343 1099 feffo

194 1136 253 1180 95
295 1118 397 1167 Ore
421 1117 566 1180 sitim,
586 1125 629 1167 &
656 1121 789 1182 parca
815 1118 932 1167 vires
955 1115 1174 1166 arcessere
1193 1119 1365 1168 mensa.

297 1186 416 1251 Quae
434 1184 667 1250 postquam
685 1202 946 1248 properata,
964 1184 1095 1247 sopor
1112 1184 1188 1233 sua
1208 1202 1397 1235 munera
1417 1184 1606 1237 tandem,

295 1253 518 1316 Applicat
534 1293 546 1313 ,
574 1259 616 1301 &
636 1253 796 1302 mitem
815 1253 964 1301 fundit
984 1269 1063 1314 per
1088 1254 1295 1300 membra
1313 1253 1534 1317 quietem.

222 1352 228 1355 -
297 1319 519 1368 Necdum
539 1335 696 1368 exorta
721 1320 838 1380 dies,
864 1321 1021 1367 Marus
1042 1318 1169 1367 instat
1189 1320 1386 1368 vulneris
1407 1322 1528 1370 aestus

295 1387 506 1450 Expertis
526 1388 756 1436 medicare
779 1387 926 1434 modis
943 1426 954 1445 ‚
983 1400 1255 1452 gratumque
1278 1401 1511 1451 teporem,

162 1470 261 1504 ‚100
299 1454 475 1503 Exutus
496 1455 667 1503 senium
683 1493 694 1513 ‚
719 1454 892 1518 trepida
914 1454 1081 1516 pietate
1105 1453 1339 1502 ministrat.

301 1521 399 1570 Hic
423 1522 602 1586 juvenis
621 1523 790 1570 maestos
811 1522 973 1569 tollens
998 1520 1052 1567 ad
1074 1520 1211 1569 sidera
1231 1521 1382 1569 vultus

301 1589 425 1636 Cum
446 1589 618 1654 gemitu
638 1587 942 1652 lacrymisque
961 1588 1088 1634 simul
1106 1608 1115 1635 :
1135 1587 1163 1634 si
1182 1588 1382 1636 culmina
1400 1588 1605 1639 nondum

301 1655 503 1718 Tarpeia
522 1656 684 1704 exosus
705 1655 923 1704 damnasti
943 1655 1116 1718 sceptra
1137 1654 1340 1717 Quirini,

303 1723 538 1771 Extremas
561 1722 729 1771 Italum
750 1741 841 1779 res,
867 1721 1211 1785 Ausoniamque
1232 1736 1439 1771 ruentem

175 1807 259 1848 105
303 1790 634 1854 Adspice,-ait‚
660 1786 838 1857 genitor
857 1809 867 1835 z
890 1790 1166 1852 tandemque
1189 1788 1371 1840 adverte
1392 1790 1608 1855 procellis

305 1857 480 1922 AEquos
503 1857 649 1906 Iliacis
673 1859 844 1906 oculos.
870 1856 1118 1904 Amisimus
1140 1856 1309 1918 Alpes,

304 1925 413 1973 Nec
436 1924 598 1973 deinde
618 1924 812 1974 adversis
833 1923 995 1972 modus
1016 1924 1092 1971 est.
1114 1922 1328 1984 Ticinus,
1351 1929 1392 1972 &
1416 1939 1512 1974 ater

304 1992 540 2060 Stragibus
568 1991 812 2052 Eridanus,
838 2005 979 2054 tuque
1003 1989 1209 2056 insignite
1231 1992 1408 2054 tropseis

305 2059 500 2109 Sidoniis
519 2100 530 2121 ,
553 2058 727 2108 Trebia
743 2099 756 2121 ,
777 2065 818 2108 δε
843 2059 977 2107 tellus
998 2057 1302 2122 lacrymabilis
1321 2058 1453 2106 Arni.

166 2141 193 2181 ,1
213 2145 225 2175 1
239 2143 265 2172 ο
303 2128 393 2175 Sed
409 2127 515 2192 quid
531 2145 617 2194 ego
634 2127 757 2176 haec?
775 2125 953 2192 gravior
969 2139 1135 2190 quanto
1150 2124 1216 2174 vis
1230 2142 1341 2173 ecce
1355 2127 1605 2176 malorum!

305 2195 418 2243 Vidi
445 2195 698 2249 crescentes
723 2190 1030 2256 Thrasymeni
1049 2191 1244 2241 caedibus
1265 2192 1433 2253 undas,

303 2261 615 2325 Prostratz'ique
637 2261 788 2313 virum
812 2260 934 2308 mole
958 2281 968 2308 ε
992 2259 1106 2307 inter
1125 2259 1215 2307 tela
1237 2261 1478 2309 cadentem
1558 2310 1563 2314 ,

304 2327 423 2377 Vidi
436 2328 732 2377 Flaminium.
754 2328 916 2377 Testor
930 2367 942 2388 ,
963 2344 1067 2375 mea
1090 2326 1300 2386 numina,
1325 2327 1516 2391 Manes,

307 2395 516 2462 Dignam
536 2414 611 2442 me
633 2413 775 2458 poenae
796 2409 894 2442 tum
914 2393 1148 2443 nobilitate
1167 2407 1363 2457 paternae

172 2479 198 2518 J
216 2475 267 2522 ις
307 2463 470 2528 Strage
490 2461 620 2509 hostis
642 2460 832 2526 quaesisse
855 2479 1044 2522 necem,
1068 2459 1114 2508 ni
1134 2459 1263 2509 tristia
1285 2461 1432 2510 letum

310 2530 380 2579 Ut
400 2528 631 2592 quondam
653 2529 792 2591 patri,
815 2527 945 2576 nobis
968 2545 1149 2592 quoque
1167 2527 1259 2577 fata
1279 2527 1529 2596 negassent.

376 2596 553 2644 Caetera
575 2598 869 2644 acerbantem
889 2596 1040 2659 questu
1066 2595 1212 2644 lenire
1234 2596 1444 2648 laborans

311 2661 493 2715 Affatur
514 2661 686 2729 senior3
707 2663 856 2734 patrio
878 2661 1113 2722 fortissime
1137 2662 1225 2724 ritu
