1627 3056
479 185 823 244 LIBER
898 186 974 244 X.
1368 205 1478 268 197·

227 285 337 351 Quo
357 286 537 334 turbata
559 284 644 335 viri
667 284 837 345 conjux
857 281 1069 332 Saturnia
1091 294 1245 346 coepto
1265 322 1282 345 ‚

161 354 431 418 Irarumque
457 353 590 405 Jovis
607 385 618 402 ‚
643 352 853 416 Latiique
875 351 997 399 haud
1019 351 1160 400 inscia
1181 351 1293 412 fati,

152 423 398 470 Incautum
421 421 652 482 ardorem,
676 434 810 484 atque
832 419 984 469 avidas
1006 419 1062 466 ad
1082 417 1214 466 futile
1237 431 1403 467 votum

26 506 122 556 -340
156 489 270 551 Spes
293 488 470 552 juvenis
492 488 672 536 frenare
691 502 833 550 parat.
857 486 963 535 Ciet
980 486 1086 534 inde
1109 485 1272 550 quietis

159 557 451 622 Regnantem
476 556 674 604 tenebris
698 555 926 604 Somnum
947 573 960 617 3
986 572 1078 618 quo
1103 553 1218 616 saepe
1239 552 1440 603 ministro

155 623 371 672 Edomita
394 623 524 673 inviti
548 623 786 687 componit
804 623 982 671 lumina
1003 619 1170 669 fratris.

157 691 313 755 Atque
338 692 449 739 huic
475 692 706 754 adridens,
730 708 824 739 non
847 708 891 738 te
911 688 1188 749 maioribus,
1214 687 1387 753 inquit,

158 759 288 807 Aulis
307 798 318 818 ‚
345 759 496 820 Dive,
521 778 671 808 voco:
700 777 787 807 nec
810 758 950 822 posco
977 771 1026 805 ut
1048 757 1266 804 mollibus
1292 757 1373 806 alis

27 843 117 892 345
158 826 257 875 Des
281 826 453 876 vielum
476 827 590 877 mihi
605 867 619 889 ‚
642 828 816 877 Somne
833 866 847 889 ‚
867 825 1056 880 Jovem.
1077 824 1192 872 Non
1210 824 1340 873 mille
1362 837 1472 890 pre-1

346 895 503 942 mendi

155 960 270 1009 Sunt
297 962 419 1010 oculi
440 961 546 1017 tibi,
568 979 656 1010 nec
679 961 894 1025 spernens
913 974 990 1008 tua
1013 959 1203 1008 numina
1228 960 1374 1010 custos

152 1028 351 1077 Inachiae
375 1030 520 1078 multa
544 1029 823 1093 superandus
845 1030 975 1077 noete
1000 1027 1223 1089 juvencae.

152 1095 374 1156 Duelori,
399 1114 585 1159 precor,
613 1097 827 1145 immittas
848 1114 970 1144 nova
995 1095 1170 1143 somnia
1194 1095 1373 1158 Poen03

153 1162 230 1211 Ne
261 1164 462 1211 Romam
487 1170 530 1212 &
550 1163 715 1212 vetitos
739 1163 891 1231 cupiat
913 1180 1037 1211 nunc
1058 1163 1203 1212 visere
1231 1182 1404 1230 muros,

19 1242 112 1294 350
149 1228 268 1293 Quis
288 1230 454 1280 intrare
477 1232 602 1280 dabit
621 1249 872 1297 numquam
897 1246 1112 1298 regnator
1135 1230 1355 1296 Olympi.

222 1298 475 1362 Imperium
502 1300 625 1348 celer
645 1299 903 1362 exsequitur
919 1338 932 1360 ,
959 1316 1193 1364 curvoque
1216 1298 1421 1349 volucris

145 1363 234 1412 Per
258 1368 466 1414 tenebras
488 1382 636 1429 portat
664 1367 890 1415 medicata
916 1384 1146 1430 papavera
1175 1385 1316 1415 cornu
1345 1387 1358 1416 :

147 1429 307 1496 Atque
327 1433 404 1482 ubi
427 1452 505 1494 per
528 1434 718 1482 tacitum
740 1434 972 1496 adlapsus,
995 1434 1191 1482 tentoria
1211 1435 1360 1498 prima

149 1498 322 1549 Barcaei
345 1501 472 1564 petiit
489 1500 689 1563 juvenis,
713 1502 854 1567 quatit
875 1502 982 1550 inde
1005 1501 1188 1563 soporas

15 1578 106 1630 355
146 1565 347 1616 Devexo
370 1568 509 1632 capiti
526 1587 722 1632 pennas,
746 1568 980 1633 oculisque
1001 1568 1204 1632 quietem

146 1635 338 1695 Irrorat,
363 1649 554 1701 tangens
576 1637 729 1685 Letaefi
754 1652 963 1700 tempora
987 1637 1132 1703 virga.

143 1700 373 1751 Exercent
394 1704 601 1752 rabidam
619 1706 877 1753 truculenta
901 1704 1126 1753 insomnia
1149 1718 1371 1758 mentem.

142 1768 344 1834 Jamque
365 1771 606 1820 videbatur
631 1772 778 1820 multo
803 1772 882 1821 fibi
907 1771 1050 1821 milite
1073 1771 1309 1837 Thybrim

141 1836 369 1905 Cingere,
394 1838 678 1887 &insultans
704 1841 873 1888 adstare
901 1841 955 1888 ad
982 1839 1152 1888 moenia
1175 1840 1356 1895 Romae.

12 1909 106 1972 360
143 1904 245 1963 Ipse
274 1905 535 1973 refulgebat
558 1906 770 1969 Tarpeiae
791 1908 994 1956 culmine
1015 1907 1137 1969 rupis

141 1972 272 2022 Elata
295 1990 508 2036 torquens
534 1975 770 2039 flagrantia
793 1975 991 2023 fulmina
1017 1973 1174 2023 dextr-5„

139 2039 343 2102 Jupiter,
368 2047 409 2088 «Sc
436 2041 515 2090 lati
536 2041 775 2090 fumabant
802 2043 973 2090 sulfure
997 2043 1181 2105 campi3

140 2106 214 2154 Ac
237 2108 398 2172 gelidis
420 2109 544 2156 Anio
567 2109 823 2169 trepidabat
845 2110 1041 2157 caerulus
1064 2111 1195 2158 undis
1224 2130 1235 2159 :

139 2174 200 2223 Et
231 2175 351 2223 densi
386 2192 491 2224 ante
531 2177 722 2235 oculos,
759 2177 1018 2243 iterumque
1044 2177 1334 2245 iterumque,
1366 2195 1459 2234 treat

336 2243 559 2291 mendum
583 2284 593 2301 ‚

5 2315 96 2377 '365
137 2308 394 2359 Vibi-abant
414 2312 559 2376 ignes.
582 2310 723 2359 Tunc
744 2329 837 2361 vox
859 2312 998 2361 effusa
1023 2331 1105 2375 per
1133 2331 1294 2362 auras:

138 2378 218 2424 Sat
235 2395 427 2444 magna,
447 2395 473 2424 o
496 2379 695 2442 juvenis,
720 2380 882 2441 prensa
903 2381 963 2428 est
984 2379 1068 2429 tibi
1090 2381 1237 2447 gloria
1260 2381 1455 2435 Cannis.

137 2443 246 2491 Siste
277 2445 472 2510 gradum
492 2466 501 2496 z
528 2463 678 2509 neque
702 2446 826 2494 enim
848 2446 982 2496 sacris
1003 2447 1255 2512 irrumpere
1279 2453 1455 2516 muris,

133 2510 276 2558 Poene
302 2550 314 2572 ,
355 2512 501 2578 magis
547 2513 729 2561 dabitur
757 2554 769 2576 ‚
811 2516 1012 2564 nostrum
1059 2517 1197 2581 quam
1246 2517 1454 2569 scindere

338 2580 527 2628 coelum.
975 2611 983 2614 >

202 2643 465 2693 Attonitum
490 2646 590 2695 visis
606 2687 617 2707 ‚
640 2648 906 2714 majoraque
931 2650 1054 2700 bella
1078 2665 1328 2714 paventem

9 2727 104 2778 370
137 2711 241 2762 Post
262 2713 472 2763 confefia
495 2714 629 2780 sopor
647 2716 850 2771 ,Iunonia
872 2718 982 2786 juffa
1002 2717 1243 2779 relinquit,

1090 2788 1110 2835 I
1134 2784 1180 2853 iij
