1627 3056
283 249 364 283 lu
420 210 777 282 Texiura.
843 239 1102 282 Limlv,
1296 251 1348 296 η’

95 323 156 356 13·
187 307 374 349 Niveum.
406 308 456 348 C.
482 306 576 348 Col.
601 309 652 347 T.
678 307 790 346 Male
812 307 900 346 aliis
915 307 1121 361 juvenum.

96 378 154 414 ις.
184 363 400 413 Revocant.
427 363 474 400 C.
498 362 592 401 Col.
617 364 667 403 R.
698 376 734 402 2.
758 363 960 414 Proponit
976 364 1105 403 Drak.
1125 375 1353 414 recoquunt-

34 432 102 470 que
133 418 236 456 ηονᾶ
255 417 424 467 fbrnace
451 415 648 466 bipennes.
682 415 759 455 Sed
788 417 867 455 alia
894 415 1097 457 medicina
1133 418 1352 471 requiritut

34 475 73 511 h.
103 473 130 512 l.
165 470 191 509 fi
222 470 322 524 quid
357 471 592 509 mutaveris.
627 473 732 525 Lege
762 484 886 522 recoq.
917 486 952 523 q.
982 486 1107 512 novas
1123 474 1236 523 forn.
1267 472 1352 522 bip·

33 526 109 566 Nil
138 539 275 565 tamen
298 526 454 564 mutavi
473 555 484 572 ,
509 525 606 565 licet
629 525 677 564 fic
700 527 863 577 poetam
886 523 1072 578 scripsisse
1091 541 1243 580 pntem.
1270 526 1354 566 Re-

34 591 236 632 eoquunt,
275 593 296 619 e
327 579 507 633 Virgilio
540 579 568 620 l.
601 593 635 620 c.
664 580 792 633 supra.
827 579 918 619 Alii
951 581 1107 635 antiqui
1141 592 1353 630 renovant,

35 635 154 675 male.

96 705 160 737 32·
187 687 278 728 Nec
302 688 411 741 pose.
441 688 583 728 αιιᾶον.
617 687 680 728 Sic
707 690 855 728 Lucan.
883 688 911 729 l.
935 687 967 732 1.
994 691 1071 739 485
1098 704 1110 738 5
1141 693 1181 730 &
1205 689 1354 730 Justin.

38 744 66 784 l.
94 745 146 784 V.
173 757 208 783 c.
239 742 353 781 VIII.
383 744 574 783 aui-torem
601 742 727 783 nuntii
750 758 827 783 non
851 743 1051 794 requirere.

98 797 380 848 35.Decepe”re.
413 798 475 837 Sic
506 811 649 837 omnes
682 798 853 850 antiqui.
889 798 1000 837 Male
1034 796 1123 837 aliis
1157 797 1356 851 accepere.

40 853 192 894 Praetet
219 853 327 904 spem
357 853 644 892 Romanorum
669 851 850 891 transivit
871 852 1012 904 Alpes.

92 922 156 957 40.
194 905 310 960 Feffa
341 911 483 960 gradu.
523 910 572 948 C.
600 906 696 946 Col.
724 906 936 957 Erependo
964 911 1092 959 gradu
1119 938 1135 955 ,
1172 920 1348 961 nempe&

35 961 254 1016 graviff'ant
277 962 348 1013 sur
376 960 434 1000 les
463 965 608 1002 roches.
640 962 685 999 In
712 961 842 1000 Drak.
868 965 1035 1013 gradum
1052 990 1062 1006 ,
1106 975 1126 1000 a
1147 963 1356 1003 Libratiis.

91 1030 160 1066 45.
186 1015 415 1065 Armiferoe.
441 1017 508 1055 De
528 1015 660 1056 Gallis
681 1014 880 1068 cisalpinis
899 1017 967 1068 qui
987 1017 1165 1056 Romam
1187 1017 1355 1056 tandem

42 1084 246 1123 ceperunt.
281 1071 436 1110 Tantus
463 1071 512 1109 ab
545 1070 605 1108 his
634 1083 792 1119 terror,
824 1082 867 1109 ut
890 1100 901 1115 ‚
937 1084 1061 1122 quum
1101 1071 1358 1111 minarentur

41 1126 193 1166 bellum
211 1154 222 1171 ,
256 1136 306 1164 ne
335 1124 504 1178 quidem
532 1123 756 1164 sacerdotes
779 1121 801 1163 a
820 1124 936 1164 bello
964 1125 1180 1164 immunes.

102 1194 161 1228 51.
190 1181 405 1220 pervectus.
432 1180 555 1220 Resse
578 1179 749 1233 antiqui.
782 1182 895 1220 Cave
923 1192 974 1219 ne
1010 1181 1118 1233 legas
1146 1181 1362 1231 proeveciue

42 1248 133 1275 cum
161 1232 359 1284 Heynfio.

103 1303 163 1338 59.
198 1287 408 1330 Vocantur
427 1287 585 1335 Iberis,
624 1285 668 1326 id
701 1287 756 1327 est
776 1317 786 1334 ,
814 1288 911 1340 sunt
940 1287 1085 1328 Iberis.
1118 1288 1182 1328 sic
1212 1288 1237 1328 l.
1265 1287 1361 1330 XII.

46 1358 138 1394 709.
166 1342 342 1383 vocitata
362 1340 524 1394 palatia
544 1341 627 1396 regi
642 1357 661 1389 ,·
683 1341 796 1394 quod
815 1356 899 1381 non
923 1341 1101 1382 advertit
1123 1343 1253 1383 Drak.
1281 1342 1364 1383 Vo-

43 1397 126 1438 cari
144 1428 154 1444 ‚
185 1396 320 1444 audire
341 1428 356 1445 ,
385 1410 459 1449 pro
485 1398 584 1450 effe,
621 1396 809 1449 frequens
844 1396 896 1441 de
927 1411 967 1435 re
992 1398 1090 1437 notc‘i
1115 1397 1223 1450 apud
1253 1399 1363 1437 anti-

44 1465 160 1507 quos.
191 1452 254 1490 Sic
282 1450 388 1504 apud
421 1451 618 1491 Hebraeos
639 1481 649 1498 ‚
683 1452 879 1491 Graecos:
905 1454 945 1490 δε
974 1451 1016 1490 in
1047 1452 1195 1491 Plauto
1232 1452 1365 1493 clueat

45 1507 168 1548 νίἇον
197 1505 292 1547 belli
318 1537 329 1554 ,
367 1519 440 1558 pto
457 1506 515 1558 fit
538 1505 666 1546 vietor
699 1505 794 1546 belli
821 1504 967 1559 :quod
1004 1509 1107 1547 recte
1137 1519 1224 1546 non
1255 1507 1363 1560 cepit

46 1563 165 1603 dotia
197 1561 281 1602 An.
301 1561 488 1600 Lefevre.

103 1625 166 1656 60.
188 1615 423 1669 Mamemfa.
443 1615 506 1653 Sic
524 1614 660 1654 Parni.
685 1610 869 1655 Beneffa.
892 1614 1084 1668 Scaliger.
1104 1615 1231 1655 Drak.
1252 1615 1368 1661 Male

48 1671 120 1711 alii
143 1669 300 1724 antiqui
322 1670 537 1723 nemorofiz.

107 1735 170 1765 612
198 1725 310 1768 Voce
331 1726 465 1777 sonat.
494 1720 599 1762 Vide
623 1722 728 1763 Livi.
759 1722 871 1764 XXI.
898 1736 932 1762 c.
957 1738 1025 1773 43.

110 1789 173 1828 67.
203 1779 360 1832 Consul.
388 1778 496 1817 Livi.
516 1777 628 1817 XXI.
651 1792 684 1817 c.
706 1792 773 1828 40.

109 1834 164 1878 V.
179 1836 260 1887 seq.
282 1831 530 1884 Ambustum.
553 1832 620 1872 De
639 1832 793 1885 frigore
814 1830 966 1871 dictum
990 1845 1097 1871 urere
1124 1831 1232 1892 apud
1258 1832 1370 1874 anti·

3 1907 8 1911 ’
47 1903 149 1943 quos
169 1920 179 1938 ,
202 1889 367 1929 Latinos
388 1919 398 1936 ‚
416 1893 455 1928 &
469 1887 636 1926 Graecos
658 1901 669 1926 :
694 1887 802 1925 καίειν
824 1886 866 1925 in
887 1886 1141 1937 Hippocrate
1165 1892 1204 1928 ὃς
1222 1890 1367 1929 Xeno-

50 1946 204 1997 phonte
222 1974 232 1990 ,
261 1956 311 1983 ne
340 1944 443 1983 alios
465 1940 680 1980 advocem.

109 2014 175 2048 71.
202 1998 297 2039 Stat
321 2028 336 2046 ,
371 2001 410 2037 &
434 2011 476 2036 v.
502 1997 581 2047 seq.
597 1996 666 2048 fit.
696 1993 877 2032 Mutatio
906 1992 1128 2034 modorum
1154 2009 1239 2036 non
1260 1996 1373 2037 inso-

52 2053 138 2095 lens
169 2053 211 2093 in
240 2052 430 2091 omnibus
457 2050 625 2101 scriptis.
650 2050 740 2089 Nec
758 2046 979 2098 scribestet
997 2079 1014 2095 ,
1048 2063 1141 2089 cum
1168 2050 1368 2102 Heynfio.

109 2122 175 2159 73.
201 2106 377 2157 Vestros.
398 2106 448 2146 C.
465 2106 558 2144 Col.
576 2105 628 2146 R.
653 2119 689 2144 2.
706 2102 819 2151 Alii,
834 2102 1000 2154 nostros.
1014 2105 1076 2145 Sic
1100 2104 1207 2144 infra
1227 2119 1268 2146 v.
1294 2110 1365 2157 78.

55 2163 108 2205 R.
135 2178 171 2204 2..
207 2160 349 2205 Vobis.

107 2233 174 2268 74.
194 2215 371 2271 Magna.
392 2213 500 2253 Livi.
523 2211 655 2254 XXII.
676 2226 709 2254 ε.
728 2228 766 2262 7.
787 2211 950 2266 Magn&
966 2211 1103 2266 pugnci
1117 2213 1371 2267 viHisumus.

59 2309 63 2311 ,
117 2278 180 2311 86.
223 2270 460 2312 certamina.
489 2270 616 2308 Servo
647 2267 800 2320 vulgat.
826 2280 974 2320 nempe
1008 2278 1172 2321 argutos
1204 2280 1373 2318 cantus,

56 2326 188 2366 avium
217 2325 447 2366 certamina.
472 2323 577 2364 Aliis
593 2323 815 2363 certamine.
841 2322 904 2362 Sic
921 2335 1098 2363 erratum
1118 2322 1146 2364 l.
1164 2323 1252 2365 XV.
1278 2339 1377 2377 207.

32 2382 182 2422 'Reste
211 2382 282 2420 stat
309 2377 548 2422 certamine,
580 2376 606 2416 l.
631 2376 743 2418 XIV.
773 2384 865 2427 64³·-

115 2439 180 2475 88.
212 2433 484 2488 Fugientibus.
519 2431 582 2469 Sic
604 2443 748 2470 omnes
771 2430 955 2484 antiqui,
984 2429 1056 2470 nist
1081 2429 1186 2470 male
1204 2429 1245 2470 in
1264 2431 1316 2472 R.
1338 2445 1378 2474 1.

50 2489 302 2543 fulgentibus
322 2519 333 2536 ,
359 2485 472 2542 quod
501 2485 638 2538 inepte
667 2485 773 2526 tueri
801 2486 889 2526 vult
918 2485 1104 2526 Batthius
1121 2516 1133 2534 ‚
1161 2499 1304 2526 contra
1327 2486 1377 2527 fi-

59 2544 156 2585 dem
178 2556 377 2584 veterum.

118 2603 183 2657 Sj9.
213 2598 330 2639 suas.
366 2595 430 2645 Sic
461 2608 604 2636 omnes
634 2594 804 2649 antiqui.
845 2595 958 2634 Male
991 2607 1159 2647 uterque
1186 2593 1379 2636 Heinsius

61 2657 184 2700 duas,
210 2651 323 2707 quod
348 2651 466 2691 docte
491 2649 645 2690 refellit
671 2651 800 2693 Drak.
832 2648 1057 2703 digniffima
1079 2649 1181 2688 lectu
1212 2664 1301 2703 quae
1323 2649 1383 2692 de

63 2707 263 2748 divilione
292 2708 484 2746 horarum
509 2703 617 2757 apud
644 2705 809 2745 Latinos
832 2708 872 2746 &
896 2704 1064 2745 Gtaecos
1091 2702 1238 2745 adfert.
1267 2707 1381 2745 Lon·

61 2763 158 2820 gior
180 2762 244 2802 hic
266 2761 398 2802 forem
423 2773 498 2813 pro
525 2773 620 2801 meo
645 2761 780 2813 scopo.

116 2831 189 2876 21.
212 2817 387 2873 Campa.
411 2817 475 2863 sic
497 2828 654 2860 omnes.
672 2815 787 2861 Male
806 2814 949 2859 Burm.
966 2811 1110 2868 campi.
1128 2792 1191 2856 sic
1211 2811 1244 2857 ι.
1262 2810 1387 2869 vm,
