1627 3056
279 183 363 220 ιη
417 173 1211 221 Texrum.1.13.xv11.
1335 197 1409 237 141

91 244 145 287 C.
173 242 260 285 Ox.
286 245 341 286 R.
373 257 394 284 2
421 259 432 283 ε
464 243 508 283 in
536 259 569 284 c.
604 244 649 285 Ι).
672 244 841 299 per-culfi
861 277 871 295 ,
900 260 943 287 ut
972 245 1140 300 quidam
1166 250 1237 289 alii
1270 263 1415 293 recen-

90 302 231 341 tiores.
259 298 368 339 Male
392 297 449 338 ait
477 299 604 340 Drak.
627 301 792 352 percelli
815 302 943 351 majus
970 300 1050 343 effe
1081 303 1200 356 quam
1222 307 1392 355 percuti.

149 361 240 403 678.
278 352 530 396 Frernebant.
566 355 711 409 virgil.
748 355 783 396 I.
834 363 921 408 563.
971 370 1011 397 v.
1049 358 1131 412 seq.
1172 358 1268 399 vide
1306 361 1415 412 Livi.

91 407 293 449 XXVIII.
325 421 361 447 c.
388 422 454 457 43.

153 469 247 512 684.
281 461 452 502 Nubem.
477 461 624 515 Virgil.
644 463 696 502 X.
722 470 813 512 809.

145 523 242 562 685.
269 515 391 557 Coelo.
415 517 476 557 Ut
503 517 531 557 l.
552 519 690 558 XVII.
720 531 816 564 252.
840 516 949 558 Aliis
973 518 1068 559 telo.

145 578 239 610 688.
262 571 345 612 Sub
371 571 539 612 numine.
563 571 710 626 Virgil.
733 571 804 613 IX.
834 585 936 625 2473
962 577 1001 614 &
1023 575 1078 615 id.
1104 573 1160 615 H.
1182 586 1276 627 703.
1301 576 1414 619 Aliis

99 626 209 667 male
239 626 407 667 nomine.

147 689 238 731 694.
264 680 374 721 Ante
392 704 430 711 --
442 681 571 733 prius.
601 679 667 721 Sic
697 683 801 721 reete
829 680 966 722 Patm.
995 681 1138 722 Benes.
1168 682 1321 736 Ineptit
1347 686 1413 726 hfe

95 734 337 787 ineptiffime
364 735 580 788 Heynsius.
618 735 882 776 pleonasmus
908 738 1180 781 Terentianus
1204 739 1258 778 est
1283 755 1310 774 ee
1339 754 1415 781 ne-

98 806 125 825 »
143 803 228 842 <que
256 803 349 830 eum
374 803 468 830 ante
495 793 660 844 usquam
688 791 878 842 conspexi
903 792 1009 844 prius
1025 810 1068 832 υ.
1095 791 1207 833 Male
1227 795 1314 834 auri
1337 809 1416 848 pro

95 855 185 884 ante
206 844 248 882 in
277 844 457 897 scriptis,
481 845 533 885 R.
567 859 602 884 1.
633 859 668 884 2.
693 848 734 885 &
756 845 884 884 Drak.

154 904 247 944 699.
279 898 515 939 Hannibali.
543 899 610 939 De
641 899 728 952 ipso
756 899 989 939 Hannibale
1019 901 1274 949 senescente,
1303 917 1346 942 ut
1373 918 1415 945 v.

96 965 173 1002 722
193 981 203 997 ‚
224 957 264 993 &
289 953 538 993 formidante
561 955 774 995 Romanos
795 955 977 1007 accipi03
1006 954 1100 995 licet
1124 956 1241 995 aliter
1264 959 1417 1009 ceperit

95 1007 224 1047 Drak.
252 1008 476 1055 Simulabat
502 1009 592 1048 suos
614 1008 785 1049 timores
802 1040 814 1056 ,
843 1023 944 1064 quos
966 1022 1076 1049 certe
1105 1023 1306 1050 noverant
1328 1014 1418 1053 Ro·

96 1060 208 1100 mani
235 1076 245 1101 z
272 1062 369 1102 ideo
396 1063 486 1116 post
509 1063 671 1102 timores
697 1062 858 1104 divido.
892 1064 958 1104 De
986 1064 1234 1105 senatoribus
1264 1067 1416 1106 timen-

95 1115 202 1155 tibus
228 1118 375 1169 accipit
404 1118 536 1157 Drak.
563 1117 686 1171 eligat
711 1118 849 1159 lector.

149 1185 241 1221 710.
269 1171 316 1212 Si
331 1174 486 1225 segnes.
513 1173 562 1213 C.
590 1173 642 1211 T.
664 1172 718 1214 R.
748 1173 853 1213 2.1n
879 1186 914 1214 c.
939 1172 1036 1225 P-sz'
1054 1172 1204 1228 segne,
1230 1187 1253 1213 a
1276 1175 1417 1216 Libra·

98 1224 174 1264 tio.
207 1225 316 1266 Aliis
339 1226 542 1280 segniafi.

152 1293 244 1330 714·
262 1279 501 1332 Depcscere.
521 1281 582 1320 Sic
602 1293 747 1320 omnes
762 1280 942 1335 antiqui,
961 1285 1001 1322 δε
1027 1282 1283 1322 recentiores.
1302 1284 1415 1326 Male

99 1332 202 1373 duce
237 1335 406 1375 Barthio
440 1348 571 1375 mutat
604 1336 734 1374 Drak.
767 1336 810 1374 in
843 1337 1058 1389 depafitere.
1088 1337 1210 1376 Dixit
1242 1341 1361 1389 po'eta
1376 1362 1418 1370 0-

96 1388 281 1481 ἐρεῖ-[σαι
317 1391 442 1430 hiatu.
479 1390 510 1430 l.
542 1389 598 1429 11.
634 1403 727 1429 202.
766 1391 857 1431 Nec
895 1405 1027 1431 tutum
1066 1389 1146 1431 fine
1181 1390 1261 1432 fide
1298 1394 1420 1436 aliter

115 1456 171 1481 (τι
203 1457 283 1484 ete.

154 1511 249 1545 725.
275 1498 493 1538 Avertam.
515 1498 680 1551 Nempe
700 1511 751 1538 ex
773 1497 891 1538 Italia
911 1499 1092 1551 adsedes
1115 1499 1282 1540 Patriae.
1305 1501 1420 1544 Male

97 1554 302 1594 advertam
327 1553 371 1592 in
395 1553 548 1605 scriptis
564 1583 574 1598 ,
614 1554 664 1592 R.
690 1566 727 1594 2.
756 1557 796 1592 &
822 1553 950 1593 Drak.
976 1555 1045 1608 qui
1068 1554 1181 1594 aliud
1203 1555 1361 1608 probat.

151 1620 246 1656 727.
269 1607 432 1650 Secura.
458 1607 603 1660 virgil.
628 1608 721 1647 XII.
752 1614 842 1657 558.

154 1670 246 1706 728.
270 1662 441 1703 Audiat.
470 1664 595 1702 Reeie
623 1663 674 1702 R.
711 1677 748 1701 2.
779 1662 915 1713 Prope
947 1662 1070 1702 Mars.
1097 1667 1271 1709 audeam
1300 1667 1339 1704 &
1364 1663 1417 1706 fio

97 1713 214 1756 Asul.
244 1718 355 1756 Hinc
383 1717 507 1757 etiam
535 1717 741 1768 eleganter
765 1716 959 1764 hellarit,
989 1729 1075 1757 non
1100 1716 1280 1758 bellabit.

154 1783 247 1821 734.
266 1771 483 1812 Dederunt.
511 1771 618 1810 Livi.
643 1769 837 1809 XXVIII.
853 1783 887 1809 c.
911 1784 979 1821 45.

97 1865 897 1934 «ΞΕ-*ψ

345 1995 785 2059 LIBER
888 1996 1188 2058 XVII.

170 2097 209 2126 v·
1176 2116 1179 2118 ,

100 2096 176 2190 ,ᾗ
212 2157 362 2190 ERSU
401 2162 437 2188 2.
477 2145 657 2200 Sibyllae.
689 2145 887 2187 Eubo‘i‘cae
918 2145 1102 2196 scilicet,
1144 2147 1200 2188 ait
1236 2148 1417 2192 Ovidius

101 2218 225 2258 quem
263 2202 362 2243 vide
395 2202 496 2243 Fast.
533 2203 605 2241 IV.
641 2216 732 2248 255.
768 2202 891 2241 Hunc
923 2202 1014 2256 lege
1043 2216 1066 2243 a
1099 2216 1140 2244 ν.
1175 2213 1414 2256 2102369.

102 2259 260 2299 Confer
287 2258 394 2297 Livi.
422 2256 570 2297 XXIX.
596 2269 627 2296 c.
661 2270 733 2303 10,
771 2270 831 2295 11.

160 2328 196 2360 ς.
224 2312 456 2363 Exciperet.
479 2312 541 2353 Sic
568 2311 669 2350 mihi
691 2323 833 2349 omnes
855 2310 1024 2363 antiqui.
1046 2314 1110 2349 ita
1127 2310 1185 2350 bis
1207 2311 1250 2350 in
1268 2312 1414 2364 Livio,

103 2370 250 2408 XXIX.
278 2379 310 2405 c.
349 2380 409 2405 11.
439 2365 489 2404 111
517 2378 551 2404 c.
582 2367 669 2405 Ox.
700 2365 926 2417 acciperem
958 2379 1001 2404 uc
1029 2366 1152 2404 etiam
1187 2366 1230 2404 in
1261 2367 1416 2421 Livio,

95 2435 136 2467 s.
169 2436 228 2471 14.
257 2434 341 2460 eam
370 2423 418 2459 de
444 2433 547 2460 nave
575 2421 750 2471 accipere
767 2434 789 2467 ;
815 2422 855 2460 ὅ(
886 2434 925 2459 ν.
950 2433 1014 2470 14.
1039 2418 1206 2471 accepit.

161 2483 200 2516 8.
230 2474 383 2528 Cybele.
410 2474 520 2514 Male
547 2476 675 2514 Drak.
699 2473 880 2528 Cybelen.

158 2545 199 2579 9.
221 2529 434 2570 Innocuus.
457 2528 506 2567 In
529 2529 720 2569 omnibus
739 2528 914 2582 antiquis
937 2527 1136 2576 inomnis,·
1160 2541 1183 2566 a
1200 2527 1413 2573 Libratiis:

103 2597 193 2637 quae
222 2598 307 2625 vox
340 2596 544 2636 corrupta,
575 2586 682 2624 male
707 2596 860 2625 mutata
880 2582 956 2621 fuit
984 2582 1026 2621 in
1053 2581 1229 2622 Mediol.
1260 2584 1327 2623 ubi
1353 2585 1420 2625 in..

103 2638 280 2689 trepidus
306 2655 318 2678 .-
342 2638 432 2678 aliis
457 2639 750 2679 recentioribus
771 2638 812 2679 in
837 2635 1030 2687 trepidis,
1054 2637 1150 2690 quia
1162 2636 1313 2678 Editor
1329 2641 1419 2684 nes-,-

103 2692 205 2734 civit
228 2692 336 2748 quid'
355 2690 486 2733 vellet*
510 2693 692 2734 inomnis.
715 2692 794 2734 Sed
823 2691 913 2731 finis
942 2692 977 2732 is
1003 2704 1079 2745 pro
1105 2706 1151 2731 us
1174 2692 1420 2744 frequentis-

105 2746 209 2790 fime.
230 2748 412 2792 occurrit
435 2747 479 2788 in
505 2749 671 2804 scriptis.
700 2749 765 2792 Sic
790 2747 995 2793 alternant
1022 2746 1160 2789 cannis
1169 2776 1189 2798 ,
1215 2747 1350 2790 canius
1375 2748 1424 2811 ig)

1173 1893 1402 1930 ··-··--»

1148 1905 1415 1926 „ml
