1627 3056
279 164 359 196 IN
413 155 773 196 TEXTUM.
834 155 1176 198 L1B.X111.
1302 161 1377 200 113⁴

81 220 184 271 suit,
211 236 253 262 ut
274 224 329 262 ait
352 226 472 276 poeta
502 238 572 269 511
598 255 607 272 ‚
643 237 762 276 atque
784 223 891 264 vieto
910 222 1139 262 Hannibale
1158 220 1382 272 triumpha-

83 278 146 315 vit
175 278 269 329 quia
301 291 387 317 tum
420 290 504 316 non
537 290 579 316 ut
611 278 814 329 privatus,
848 276 916 317 sed
947 290 1027 330 qua
1059 277 1195 315 consul
1228 276 1381 314 bellum

81 332 203 383 geffit.
241 332 314 369 Nil
342 331 546 370 intellexit
574 331 637 370 hic
665 333 793 371 Drak.
819 333 888 384 qui
914 331 1012 385 legit
1039 331 1190 377 marti,
1222 342 1263 367 ut
1288 329 1380 366 vul-

83 384 164 436 gati
191 384 295 422 libri.
318 385 438 424 Certe
465 387 659 424 scribitur.
687 386 733 424 In
752 400 781 425 c.
806 387 848 425 P.
874 387 925 426 R.
951 400 985 425 2.
1007 385 1160 425 martff:
1183 397 1223 423 at
1240 380 1384 422 omiss}

82 437 203 485 notzi,
236 452 277 477 ut
309 440 433 491 saepe,
463 441 649 491 scriptum
675 440 728 479 est
758 439 905 486 marti,
935 439 977 478 in
1005 441 1106 479 aliis.

139 506 229 541 515.
261 492 381 546 Quod
410 493 498 544 post
518 499 611 533 ἠως.
638 495 783 546 Scripti
808 493 1002 545 Heynfii:
1027 493 1075 532 fic
1093 507 1124 533 c.
1147 492 1193 531 P.
1212 491 1261 529 In
1278 504 1310 530 c.
1328 491 1381 530 T.

84 547 136 588 R.
162 562 194 587 2.
218 561 256 599 q.
274 561 310 598 p.
332 552 417 587 hoc.
446 549 502 586 lb.
528 553 642 589 decus
657 552 739 588 hoc.
767 549 814 587 C.
837 548 882 588 P.
905 548 953 586 In
975 562 1007 587 c.
1029 549 1080 588 T.
1109 552 1180 586 hoc
1198 546 1384 585 scribitur

82 602 195 653 super
212 605 327 641 decus
344 633 360 649 ,
388 606 427 642 &
449 602 555 642 deest
578 604 620 641 in
644 605 692 643 R.
715 617 751 641 2.
776 616 911 642 errore
932 602 1116 641 Librarii.
1138 602 1198 640 lb.
1220 599 1384 639 carebit.

82 656 150 699 Sic
175 669 208 695 c.
234 656 279 694 P.
305 657 355 696 R.
382 671 415 695 2.
434 657 482 696 In
508 672 537 697 c.
563 659 613 697 T.
633 656 806 705 carebit,
833 661 870 696 δε
890 656 1052 697 carebis.
1071 656 1243 708 Vulgata
1262 654 1385 693 leffio

82 709 290 802 ἀεῧνεωι·
311 712 421 782 'eoR.
458 727 490 751 ι.
522 713 671 752 Marso.
701 712 801 752 Ben.
826 712 932 752 Rem
958 711 1055 751 vide
1081 710 1125 749 in
1150 709 1240 749 Val.
1267 707 1386 748 Max·

78 765 106 804 l.
176 790 187 802 .
206 778 238 804 c.
269 779 302 812 3.
325 779 351 803 n
380 792 387 803 .
416 779 453 805 2.

141 831 228 864 523·
252 818 455 860 Recludis.
487 821 623 861 Κεᾶε.
649 819 699 860 Id
729 821 783 860 est
805 851 815 868 ,
837 820 902 861 vis
934 819 1155 865 recludere,
1189 832 1230 858 ut
1257 815 1384 857 recla-

83 877 231 914 dantur
259 889 272 912 .·
308 889 351 913 ut
377 874 405 913 l.
439 874 510 913 XI.
548 889 636 924 551.
661 878 786 915 dabas
815 889 889 927 pro
910 879 1002 914 dare
1026 874 1198 915 volebas.
1229 871 1386 911 Frustra

82 927 231 968 recludi
249 928 297 967 ab
323 928 528 979 Heynfio,
556 930 651 968 licet
669 931 766 982 saepe
789 929 955 969 verbum
974 928 1054 979 est,
1071 926 1165 981 sant
1189 926 1385 966 subintel-

83 983 252 1036 ligatur,
276 995 318 1021 Ut
341 997 378 1021 v.
402 991 492 1029 613.
519 995 695 1035 tempuS,
713 999 752 1037 q.
772 983 811 1023 d.
832 995 984 1035 tempus
999 983 1064 1034 est.
1092 984 1141 1023 In
1156 996 1187 1022 c.
1208 982 1259 1020 T.
1272 1002 1307 1011 --
1323 979 1386 1019 άὶε

83 1041 124 1077 &
140 1061 175 1067 --
194 1037 253 1077 dit
280 1053 291 1075 .-
317 1037 358 1075 in
380 1052 413 1076 c.
433 1038 479 1077 P.
495 1062 531 1070 --
543 1043 622 1078 des.

140 1105 231 1141 524.
257 1090 468 1131 Habitant.
499 1093 641 1146 Scripti
672 1091 839 1145 Heynfii
865 1123 874 1139 ,
909 1093 960 1132 R.
997 1106 1030 1131 2.
1072 1091 1120 1131 In
1146 1105 1179 1131 c.
1208 1090 1255 1129 P.
1279 1085 1387 1128 Ῐιῖτᾶι

84 1145 195 1200 quod
221 1145 347 1185 idem.
372 1146 480 1185 Aliis
509 1148 677 1201 agitant.
705 1148 764 1187 lb.
784 1150 954 1187 umbras.
986 1147 1031 1185 C.
1055 1146 1101 1186 P.
1126 1158 1260 1186 auras-

141 1207 231 1245 526.
260 1200 397 1240 Inane.
424 1206 561 1241 Senec.
585 1202 753 1242 Hercul.
778 1204 870 1241 Fur.
895 1209 988 1251 673.
1007 1203 1079 1240 a&
1105 1216 1137 1246 3·
1162 1202 1211 1239 sc.
1237 1212 1275 1238 2.

139 1268 230 1304 527.
257 1256 354 1294 A‘e'r.
383 1255 525 1308 Scripti
549 1257 699 1307 Heyns.
727 1270 759 1296 c.
785 1257 836 1296 T.
859 1257 967 1295 Aliis
992 1259 1126 1294 wither.

141 1322 232 1354 532.
261 1310 475 1350 Crematos.
512 1313 633 1362 Supra
667 1319 761 1360 484.
797 1314 970 1350 Homer.
997 1310 1089 1349 VII.
1119 1323 1207 1354 333.
1231 1305 1384 1344 XXIII.

88 1368 178 1408 165.
203 1364 283 1416 seq.
312 1364 460 1404 Lucan.
487 1364 514 1403 l.
541 1365 656 1403 VIII.
683 1380 773 1415 727.
800 1366 877 1417 seq.
906 1363 1048 1415 virgil.
1081 1364 1152 1401 xl.
1187 1370 1271 1408 187.
1305 1362 1385 1412 seq.

84 1416 263 1456 Habebis
285 1431 547 1470 quaecumque
578 1418 726 1458 fiebant
750 1420 792 1458 in
815 1419 1013 1470 exsequiis
1043 1416 1068 1456 si
1096 1415 1301 1456 addideris
1329 1414 1388 1452 D.

84 1470 238 1522 Heyns.
258 1472 299 1510 in
317 1472 559 1524 Crepundiis
579 1473 632 1512 ad
648 1473 716 1512 Sil.
732 1473 761 1512 1.
778 1474 827 1511 X.
851 1480 922 1522 56z
948 1488 956 1511 :
980 1471 1076 1511 adl.
1090 1469 1205 1510 XIII.
1227 1484 1266 1508 v.
1282 1482 1358 1517 473
1375 1497 1387 1514 ‚

84 1539 161 1575 47⁷5
181 1556 196 1574 ,
223 1532 296 1573 693
317 1541 328 1572 3
352 1526 378 1568 I.
405 1527 491 1566 XV.
516 1541 606 1573 390.
634 1531 732 1567 Stat.
753 1528 780 1567 l.
804 1527 857 1566 ΙΙ.
880 1541 982 1576 254,
1007 1527 1033 1564 l.
1061 1525 1132 1565 VI.
1160 1538 1246 1573 195·
1267 1535 1388 1561 201:

86 1593 183 1630 2373
204 1584 243 1620 &
258 1594 345 1634 quae
362 1581 543 1621 Bernatt.
565 1582 592 1622 1.
614 1581 782 1633 1X.900
802 1596 915 1635 :quae
935 1579 1078 1621 notavi
1101 1580 1214 1632 supra
1237 1592 1274 1619 v.
1290 1582 1388 1626 469,

144 1649 178 1681 3.

84 1649 232 1740 47537.
260 1691 395 1731 Artes.
418 1691 562 1746 virgil.
581 1691 654 1732 VI.
676 1700 767 1739 663.

146 1759 236 1794 539.
268 1745 463 1786 Carmina,
493 1746 637 1798 Virgil.
665 1747 738 1785 VI.
767 1753 860 1786 662.

145 1806 234 1850 546.
263 1799 459 1840 liventes.
491 1800 554 1838 Sic
573 1814 604 1838 c.
629 1801 678 1839 T.
701 1801 754 1840 R.
787 1815 820 1839 x.
846 1814 884 1839 2.
913 1799 1033 1838 Mars.
1059 1798 1157 1838 Ben.
1185 1801 1224 1838 ὃς
1244 1796 1400 1850 plures..

83 1853 196 1894 Male
224 1865 427 1902 umentes,
459 1864 649 1900 aventes,
680 1854 856 1892 viventes
877 1885 893 1899 ,
919 1854 960 1891 in
986 1852 1087 1891 aliis.
1115 1854 1237 1890 Error
1263 1866 1285 1890 a
1306 1850 1390 1888 for-

83 1922 151 1947 ma
182 1908 326 1950 litterae
357 1910 388 1947 L
412 1921 499 1960 quae
530 1908 574 1945 in
600 1906 790 1959 scriptura
819 1905 970 1947 curfivfi
1000 1905 1156 1946 accedit
1178 1904 1230 1946 ad
1256 1907 1292 1945 V
1324 1904 1393 1943 in-

85 1963 294 2004 dinatum.

152 2032 240 2068 547.
271 2016 346 2057 Aa
362 2016 520 2067 funera.
550 2015 593 2054 L.
621 2014 676 2055 11.
706 2024 797 2065 184.
825 2015 1001 2055 malebat
1024 2028 1162 2055 tamen
1182 2013 1332 2054 amicus
1353 2013 1395 2054 in

75 2071 234 2123 fimera.
249 2072 373 2112 Forte
388 2071 543 2110 faveret
566 2070 678 2110 locus
693 2070 862 2119 Justini,
880 2072 907 2110 l.
927 2070 1144 2110 XXXVIII
1177 2086 1214 2119 9.
1232 2087 1259 2104 <c
1276 2069 1392 2109 verso

85 2144 114 2162 ο»
136 2125 267 2166 studio
300 2126 348 2166 ab
381 2124 505 2178 epulis
536 2124 579 2162 in
611 2126 840 2177 exsequias,
868 2143 895 2160 ,ο
932 2125 999 2165 sed
1027 2127 1156 2165 secum
1191 2123 1396 2163 consentit

85 2182 206 2234 poeta
221 2211 233 2228 7
265 2194 285 2220 e
308 2182 407 2219 locis
427 2178 642 2231 parallelis.
664 2180 738 2218 Nil
767 2193 898 2227 muta,
930 2193 1070 2219 contra
1090 2181 1213 2218 libros
1236 2191 1395 2217 omnes.

145 2240 233 2285 548.
262 2234 406 2285 Paffzs.
439 2235 501 2272 Sic
526 2234 658 2285 scripti
688 2236 738 2274 R.
775 2249 809 2273 1.
846 2248 880 2271 2.
906 2235 1003 2273 Ben.
1038 2238 1075 2273 ὃς
1110 2234 1255 2286 plures.
1286 2232 1396 2271 Aliis

86 2291 195 2329 male
222 2289 376 2341 paffim.
413 2289 503 2327 Vet.
532 2286 630 2327 edit.
662 2289 774 2341 supra
805 2289 921 2340 versis
948 2293 999 2329 acl
1023 2290 1110 2339 fizn.
1143 2287 1287 2335 taedis,
1316 2286 1396 2327 fine

86 2345 216 2383 sensu.

134 2411 245 2458 §54-
283 2396 535 2437 Contermina
554 2397 678 2448 sonti.
714 2397 873 2450 Scripti.
911 2397 1017 2438 Male
1047 2398 1098 2437 R.
1135 2412 1167 2436 1.
1199 2410 1234 2435 z.
1265 2404 1395 2435 certa·

88 2466 210 2490 mma.

149 2519 236 2554 555.
264 2504 402 2545 Potat.
428 2506 474 2544 C.
506 2505 551 2543 P.
573 2516 750 2556 potant,
783 2519 928 2559 nempe
957 2508 1103 2553 turba,
1132 2505 1238 2544 forte
1265 2502 1396 2544 veritis

86 2558 235 2612 virgil.
262 2559 333 2597 VI.
357 2574 449 2608 713.
477 2561 554 2611 seq.
1232 2578 1233 2581 ¹

94 2667 117 2707 f
149 2622 239 2659 558.
261 2611 395 2652 Mille.
419 2614 562 2668 virgil.
584 2614 657 2654 VI.
680 2619 771 2665 748.
791 2616 867 2667 seq.
898 2619 936 2655 &
953 2629 994 2654 v.
1013 2621 1102 2654 680.
1125 2613 1232 2655 Vide
1252 2612 1313 2653 hic
1334 2611 1395 2652 in-

113 2682 154 2706 ra
182 2682 220 2704 v.
248 2675 336 2711 851.

144 2728 239 2778 ¹5⁴60.
264 2720 368 2764 Has.
389 2721 438 2762 In
464 2736 495 2764 c.
520 2723 570 2763 T.
601 2727 698 2773 lzas,
727 2727 813 2765 hac.
841 2722 888 2764 C.
914 2721 1007 2764 Col.
1036 2726 1123 2763 hae.
