1627 3056
157 160 260 235 198
489 156 749 215 SrL11
830 157 1259 218 ITALxcx-

289 253 397 304 Nec
420 254 502 303 lux
523 255 715 304 terribili
733 257 944 324 purgavit
964 257 1166 325 imagine
1187 270 1408 310 mentem.

289 323 423 386 Quos
441 322 557 370 inter
579 338 732 372 motus
756 324 930 387 somni,
952 325 1183 390 vanosque
1204 328 1423 375 tumultus
1439 366 1452 389 ‚

289 389 459 438 Dedita
479 408 561 452 per
578 393 760 439 ηοᾶεῐῐι
777 392 953 457 reliquo
976 410 1082 441 cum
1103 393 1247 441 milite
1269 395 1407 442 castra

289 457 483 505 Nuntiat
500 496 512 518 ,
535 463 579 506 ὃ(
603 458 801 521 praedam
824 460 962 522 pleno
984 459 1120 508 trahit
1139 459 1320 527 agmine
1344 462 1505 527 Mago.

160 545 247 590 375
289 524 417 572 Huic
442 524 601 573 dustor
622 525 744 574 laetas
767 526 970 590 Tarpeio
993 526 1165 575 vertice
1187 528 1364 576 mensas

289 591 570 654 Spondenti‚
591 610 732 657 quum
753 594 908 658 quinta
928 594 1052 643 diem
1072 612 1166 642 nox
1190 597 1298 644 orbe
1320 594 1485 644 tulisset

290 659 460 708 Celatis
482 659 709 722 Superum
730 662 938 723 monitis,
961 661 1206 726 clausoque
1228 680 1423 725 pavore,

289 727 526 788 Vulnera,
546 733 588 776 u&
614 727 844 776 exhaustas
868 729 984 777 saevo
1010 729 1258 779 certamine
1277 730 1396 781 vires
1411 768 1426 791 ,

289 794 364 842 Ac
388 794 582 843 nimium
603 795 714 843 laetis
734 795 919 844 excusat
937 796 1078 844 fidere
1098 798 1248 845 rebus.

157 868 251 928 330
285 860 412 910 Tum
435 862 511 925 spe
537 861 733 926 dejectus
753 863 957 927 juvenis,
980 881 1065 912 ceu
1086 878 1265 913 vertere
1288 864 1343 912 ab
1364 862 1467 927 ipsis

287 927 445 997 Terga
470 929 705 994 juberetur
727 931 865 978 muris
882 970 894 992 ,
917 949 970 980 ac
995 932 1119 998 ligna
1139 931 1306 980 referre
1322 969 1334 990 ,

287 993 447 1045 Tanta
463 996 586 1044 mole
603 1031 616 1055 ,
638 997 809 1062 inquit,
831 1015 924 1046 non
946 999 1095 1047 Roma
1110 1037 1122 1059 ,
1145 1012 1195 1046 ut
1215 997 1405 1047 credidit
1423 995 1515 1059 ipsa
1530 1037 1543 1059 ,

285 1064 376 1112 Sed
399 1063 548 1113 Varro
569 1065 630 1112 est
649 1065 806 1115 vicius.
829 1066 1058 1129 Quaenam
1082 1080 1176 1113 tam
1197 1065 1412 1128 prospera
1432 1063 1595 1113 Martis

288 1133 488 1180 Munera
512 1131 706 1180 destituis
725 1133 819 1182 fato
839 1144 853 1179 ἒ
876 1133 1134 1181 Patr-iamne
1155 1131 1343 1181 moreris
1364 1142 1377 1178 ἓ

157 1204 245 1263 385
286 1199 481 1249 Mecum
521 1198 714 1250 exsultet
746 1217 883 1267 eques
913 1221 925 1249 z
961 1199 1063 1266 juro
1106 1198 1196 1248 hoc
1227 1211 1363 1263 caput
1379 1234 1395 1258 ,
1435 1196 1594 1261 accipe

487 1284 644 1314 muros

285 1331 478 1393 Iliacos,
499 1334 739 1396 portasque
762 1332 842 1382 tibi
864 1331 956 1381 fine
976 1344 1120 1381 marte
1140 1345 1361 1397 patentes.
1397 1382 1401 1397 Ι

348 1400 572 1465 Dumque
590 1418 643 1449 ea
658 1400 806 1467 Mago
823 1399 977 1449 fremit
994 1414 1127 1449 cauto
1146 1417 1236 1448 non
1254 1397 1421 1450 credita
1442 1396 1592 1463 fratri,

285 1467 315 1521 J
321 1485 395 1515 am
417 1467 577 1517 Latius
597 1466 689 1516 sese
711 1467 941 1516 Canusina
959 1467 1005 1516 in
1029 1466 1200 1516 moenia
1219 1467 1351 1516 miles

287 1534 549 1603 Colligere,
575 1540 617 1583 &
635 1535 856 1604 profugos
876 1533 1028 1585 vicino
1057 1534 1243 1604 cingere
1262 1534 1386 1583 vallo

159 1620 179 1667 3
189 1619 251 1658 90
289 1602 526 1666 Coeperat.
546 1602 656 1651 Heu
681 1610 690 1651 !
711 1606 845 1651 rebus
864 1602 1004 1651 facies
1025 1601 1247 1650 inhonora
1270 1600 1457 1650 sinistris.

288 1670 404 1718 Non
430 1669 591 1733 aquilae
606 1710 617 1732 ‚
638 1687 734 1718 non
755 1671 878 1737 signa
898 1669 1005 1720 viris
1023 1709 1034 1730 ‚
1056 1685 1149 1717 non
1173 1668 1383 1719 Consulis
1403 1668 1548 1717 altum

284 1736 541 1800 Imperium
556 1776 568 1798 ‚
591 1754 684 1786 non
705 1737 892 1786 subnisae
913 1737 1070 1786 listore
1093 1737 1269 1785 secures
1284 1777 1297 1799 ,

287 1803 479 1854 Trunca
496 1840 510 1863 ‚
530 1819 664 1870 atque
688 1822 808 1872 aegra
828 1819 981 1867 metu,
1004 1821 1089 1851 ceu
1110 1806 1279 1871 magna
1300 1802 1410 1852 elisa
1431 1799 1562 1851 ruina

287 1871 498 1936 Corpora
520 1871 740 1921 debilibus
761 1872 967 1922 nituntur
984 1871 1128 1920 sistere
1147 1872 1386 1922 membris.

159 1956 246 2006 395
289 1938 481 1988 Clamor
502 1939 615 2002 saepe
636 1957 823 2002 repens,
845 1945 887 1988 8<
908 1939 1021 2002 saepe
1045 1937 1216 1986 silentia
1236 1937 1337 1987 fixis

287 2011 308 2057 I
315 2027 340 2055 n
361 2007 577 2055 tellurem
599 2007 775 2070 oculis;
800 2007 930 2056 nudae
956 2004 1181 2070 plerisque
1206 2005 1378 2054 finistrae

288 2075 473 2125 Detrito
498 2075 661 2138 clypeo
685 2093 695 2121 ε
717 2075 882 2123 desunt
905 2072 1188 2141 pugnacibus
1210 2072 1334 2121 enses
1356 2091 1366 2119 :

290 2142 483 2191 Saucius
507 2142 653 2191 omnis
675 2160 814 2208 eques
829 2182 840 2202 ‚
865 2142 1005 2210 galeis
1027 2138 1237 2203 carpsere
1262 2139 1510 2202 superbum

289 2211 539 2261 Cristarum
560 2209 717 2271 decus,
743 2215 785 2258 &
809 2210 1080 2258 damnarunt
1101 2205 1261 2255 Martis
1280 2206 1495 2254 honores.

157 2296 253 2336 ‚qoo
291 2279 355 2326 At
376 2277 519 2326 multa
530 2277 704 2325 thorax
729 2275 952 2340 perfossus
976 2274 1159 2339 cuspide
1177 2293 1192 2337 ;
1210 2279 1251 2323 8<
1271 2306 1287 2330 ,
1309 2273 1482 2321 haerens

290 2346 469 2395 Loricae
486 2385 498 2406 ‚
520 2343 748 2393 interdum
771 2343 1000 2394 Maurusia
1020 2342 1187 2405 pendet
1209 2341 1400 2390 arundo,

294 2413 528 2460 Interdum
552 2413 699 2460 maesto
721 2410 866 2460 socios
890 2411 1091 2459 clamore
1110 2408 1359 2471 requirunt.

293 2480 392 2529 Hie
418 2478 574 2526 Galba
589 2518 600 2538 ‚
622 2478 698 2527 hic
718 2479 845 2541 Piso,
868 2485 909 2527 &
928 2479 1020 2526 lsto
1039 2493 1131 2524 non
1156 2475 1319 2542 dignus
1337 2471 1470 2523 inerti

295 2547 438 2595 Curio
460 2545 683 2594 deflentur
698 2585 709 2606 ,
735 2546 885 2613 gravis
906 2545 1000 2594 illic
1022 2544 1228 2593 Scaevola
1249 2543 1389 2590 bello.

161 2636 253 2682 405
298 2622 398 2669 Hos
419 2611 608 2675 paffim3
633 2627 678 2660 at
700 2613 847 2662 Paulli
869 2612 1063 2677 pariter,
1089 2628 1173 2659 ceu
1200 2609 1293 2658 dira
1318 2607 1513 2671 parentis

293 2696 407 2747 Fata
426 2694 648 2750 gemunt:
671 2695 723 2731 ut
740 2698 851 2732 vera
871 2680 982 2731 mali
1001 2677 1219 2746 praesagia
1240 2692 1475 2741 nunquam
