1627 3056
489 189 827 244 LIBER
907 187 980 244 X.
1356 204 1475 273 195·

154 289 293 337 Mens
317 284 445 335 abiit!
480 284 730 348 puduitque
751 284 870 350 fugae
887 323 902 346 ,
931 298 1028 332 tum
1055 283 1151 333 visa
1186 291 1381 340 cremari

27 364 116 417 265
154 357 304 404 Roma
327 354 422 401 viro
443 371 456 415 ⁰,
479 369 590 401 tuuc
617 354 674 399 ad
698 369 846 415 portas
870 355 964 412 jam
995 353 1105 401 stz=re
1141 371 1356 404 cruentus

160 422 397 471 Hannibal
419 440 432 482 ζ,
461 420 603 469 AEtoli
624 438 733 467 tunc
757 420 954 482 primum
984 435 1087 468 ante
1111 438 1189 468 ora
1212 422 1346 472 fuere

153 492 400 538 Sorbentes
419 488 605 536 Latium
630 489 813 550 campi!
843 487 971 552 Quid
1003 487 1168 537 deinde
1194 491 1402 541 relitftum

156 558 359 607 Crastina
383 574 463 604 cur
486 556 656 621 Tyrios
680 556 762 603 lux
784 573 876 603 non
900 556 1097 605 deducat
1118 556 1173 604 ad
1198 557 1382 609 Urbem
1399 600 1414 623 ‚

157 626 342 673 Deseris
366 624 411 671 in
434 626 564 672 tantis
585 622 776 687 puppim
799 623 828 670 fi
850 662 862 684 ‚
889 623 1050 671 Paulle
1070 662 1082 684 ,
1113 627 1328 686 procellis
1349 639 1364 675 ἓ

26 711 120 752 270
157 693 320 740 Testor
351 691 602 740 Coelicolas
623 731 634 750 ,
661 690 840 755 inquit,
872 691 918 738 ni
952 690 1118 739 damna
1152 696 1384 757 gubernas

159 759 371 809 Crudelis
399 759 545 819 belli,
581 758 788 822 vivisque
819 758 865 805 in
901 757 1080 807 turbine
1108 775 1232 808 tanto

158 829 359 889 Invitus;
389 829 490 892 plus
510 867 521 888 ‚
547 826 706 874 Paulle
722 865 733 885 ‚
761 827 775 891 (
799 826 931 874 dolor
951 829 1093 875 verba
1115 828 1270 890 aspera
1293 830 1424 881 distat
1446 835 1469 892 >-

156 897 263 945 Plus
288 895 502 946 Varrone
525 911 664 942 noces
687 902 696 941 i
728 910 842 957 cape
860 932 873 955 ,
900 894 1051 960 quaeso
1069 934 1081 956 ,
1102 894 1225 944 hune
1245 898 1379 948 unice
1404 919 1469 950 re·

358 982 461 1012 rum

159 1029 391 1079 Fessarum
408 1071 420 1092 ‚
446 1048 560 1093 cape
590 1027 917 1093 cornipedem:
943 1028 1209 1097 languentia
1232 1035 1443 1083 membra
1477 1050 1481 1053 ¹

29 1114 118 1160 275
155 1098 258 1164 Ipse
285 1099 453 1149 levabo
485 1097 686 1145 humeris
706 1137 718 1158 ,
748 1103 791 1146 &
822 1097 954 1145 dorso
984 1111 1079 1146 tuta
1105 1101 1290 1150 locabo.

228 1166 346 1215 Haee
378 1166 497 1215 inter
521 1206 535 1227 ‚
569 1166 723 1214 lacero
760 1180 1026 1214 manantem
1058 1184 1115 1215 ex
1149 1185 1227 1215 ore
1259 1184 1472 1220 cruorem

156 1233 366 1292 Eiestans
389 1233 594 1294 Consul,
629 1234 807 1296 mee,
840 1252 866 1281 o
898 1234 1067 1282 virtute
1099 1235 1323 1298 paterncll

158 1302 266 1351 Nec
292 1303 405 1353 verb
437 1301 535 1366 spes
561 1301 755 1368 angustae
774 1340 787 1362 ,
814 1318 956 1366 quum
991 1302 1100 1350 talia
1129 1305 1294 1353 restent

162 1370 350 1419 Pe&ora
381 1369 616 1418 Romuleo
647 1386 809 1436 regno,
843 1369 1114 1420 Calcaribus
1147 1371 1278 1420 aufer

30 1459 51 1485 2
64 1443 123 1486 30
158 1436 268 1502 Qua
284 1438 450 1486 vulnus
465 1435 682 1501 permittit
697 1453 868 1503 equum
882 1475 895 1498 ‚
912 1452 1046 1502 atque
1066 1438 1174 1487 hinc
1194 1440 1315 1489 ocius
1334 1439 1477 1496 Urbis

160 1506 448 1555 Claudantur
481 1518 620 1570 portae
643 1525 656 1551 ι
684 1517 785 1552 ruet
815 1504 913 1552 haec
937 1506 994 1553 ad
1025 1506 1195 1555 moenia
1224 1509 1370 1571 pestis·

159 1572 288 1634 Dic,
323 1592 403 1622 oro
425 1613 438 1634 ,
473 1590 627 1622 rerum
657 1572 805 1620 Fabio
838 1572 1072 1621 tradantur
1104 1573 1310 1624 habenae.

159 1640 211 1690 N
215 1641 336 1689 ostris
361 1642 588 1708 pugnavit
610 1639 792 1688 monitis
811 1639 952 1690 furor.
977 1641 1193 1703 Amplius
1227 1645 1323 1691 aaa

163 1708 293 1773 Quid
313 1709 508 1773 superest
537 1708 661 1770 vit-sl,
697 1707 776 1755 nifi
812 1725 943 1756 caecae
967 1708 1201 1758 ostendere
1233 1711 1361 1773 plebi

33 1780 123 1836 285
160 1777 376 1826 Paullum
397 1776 510 1826 scire
530 1775 677 1825 mori!
700 1775 825 1823 feror
846 1793 901 1822 an
927 1776 1189 1825 consumtus
1209 1777 1255 1826 in
1281 1782 1444 1828 urbem

165 1845 474 1895 Vulneribus?
505 1843 723 1909 quantive
744 1858 893 1891 emtus
908 1844 1021 1892 velit
1039 1844 1280 1894 Hannibal
1299 1886 1311 1908 ,
1331 1864 1380 1897 ut
1396 1864 1481 1897 nos
1543 1851 1547 1854 ’

164 1912 212 1962 V
216 1928 411 1963 ertentes
438 1926 566 1979 terga
597 1910 848 1976 adspiciat?
881 1928 969 1959 nec
1001 1911 1109 1960 talia
1137 1912 1300 1961 Paullo

164 1981 381 2045 Pec'tor23
410 1997 498 2030 nec
524 1980 688 2029 Manes
717 1992 813 2028 tam
838 1995 980 2041 parva
1010 1979 1233 2029 intramus
1253 1981 1429 2049 imago,

165 2049 253 2098 Ille
275 2067 364 2117 ego
388 2088 398 2099 .
415 2087 427 2100 .
444 2088 455 2099 .
478 2048 556 2097 sed
578 2065 698 2098 vano
720 2046 828 2113 quid
847 2047 974 2095 enim
996 2062 1042 2095 te
1061 2047 1278 2097 demoror
1297 2068 1446 2116 aeger,

38 2130 129 2169 290
164 2116 363 2168 Lentule
386 2156 398 2178 ,
434 2116 717 2181 conquestu?
764 2130 940 2182 perge,
983 2127 1119 2180 atque
1151 2115 1261 2166 hinc
1296 2118 1483 2181 cuspide

368 2183 530 2234 feffum

167 2252 310 2317 Eripe
331 2251 658 2319 quadripedem
674 2266 885 2313 propere.
906 2248 1036 2297 Tum
1053 2248 1277 2299 Lentulus
1296 2251 1485 2303 Urbem

172 2321 350 2388 Magna
370 2320 523 2368 ferens
545 2318 756 2366 mandata
778 2316 919 2379 petit:
945 2334 1034 2366 nec
1056 2317 1243 2366 Paullus
1263 2318 1464 2371 inultum

174 2388 320 2452 Quod
337 2387 533 2453 superest
554 2386 608 2434 de
628 2387 734 2435 luce
756 2384 870 2435 finit.
895 2385 995 2432 Ceu
1018 2386 1209 2435 vulnere
1229 2385 1357 2455 tigris

172 2454 380 2505 Letifero
421 2453 799 2504 cedam-tandem
824 2493 836 2514 ,
861 2452 1154 2518 projefiaque
1185 2472 1351 2518 corpus

43 2540 66 2568 ’.α
75 2536 133 2579 95
174 2521 395 2572 Lu&atur
423 2521 593 2582 morti,
618 2520 983 2586 &languentem
1016 2522 1179 2584 pandit
1209 2515 1387 2573 Biatum

176 2590 229 2637 In
258 2607 404 2638 vanos
440 2588 646 2649 morsuS,
681 2605 768 2636 nec
800 2587 1122 2638 sufficientibus
1147 2589 1224 2638 irae

178 2656 379 2705 Riffibus
398 2692 414 2716 ‚
437 2654 641 2706 extrema
670 2654 832 2704 lambit
859 2657 1088 2708 venabula
1110 2656 1287 2724 lingua*-

210 2725 214 2727 ’
245 2723 445 2790 Jamque
479 2723 732 2774 coruscanti
753 2723 900 2773 telum
918 2764 931 2785 ‚
956 2724 1232 2788 propiilsqixe
1260 2722 1429 2779 ferenti
1489 2738 1499 2787 j

182 2791 402 2844 Greffum
438 2791 741 2841 exsultantem
762 2832 776 2857 ‚
807 2797 850 2842 &
873 2792 1036 2843 securo
1070 2792 1205 2844 caedis
1229 2791 1360 2841 J'e'rtae

1156 2859 1280 2927 *lii
