1653 3056
473 151 822 212 L1BER
901 151 1084 212 VII.
1417 166 1562 237 135¹

70 270 166 321 300
267 249 336 300 Ut
356 250 578 316 pepulere
598 253 755 302 levem
775 249 985 299 intrantis
1005 247 1192 314 vestigia
1211 247 1422 299 somnum
1440 293 1452 313 ‚

203 319 336 368 Heus
359 329 367 365 l
393 318 567 384 inquit,
598 323 612 378 (
632 319 895 383 pariterque
919 335 1081 366 manus
1101 317 1160 365 ad
1176 318 1270 366 tela
1289 318 1521 380 ferebat.)

202 387 322 451 Quae
344 402 389 435 te
417 404 525 435 cura
549 381 667 454 vigil
693 385 856 435 fessum
873 425 885 446 ,
917 401 1167 452 germane,
1194 385 1356 453 fatigat
1379 399 1391 435 ξ

204 456 280 503 Ac
301 454 394 518 jam
423 455 702 516 constiterat,
732 452 968 519 sociosque
990 452 1034 501 in
1060 451 1230 515 cespite
1254 453 1381 501 fusos

202 522 389 570 Incus'sz'i
413 537 602 571 revocat
624 523 871 571 castrorum
902 521 958 569 ad
984 535 1173 568 munera
1199 521 1374 584 planta.

71 608 164 655 305
206 588 298 637 Cui
320 589 480 655 Libyae
503 590 662 639 ductor
683 610 692 638 ε
715 587 883 638 Fabius
905 606 980 636 me
1002 627 1014 649 ,
1040 586 1246 636 noffibus
1270 588 1399 657 aegris
1417 624 1435 648 ‚

203 659 257 706 In
285 675 413 706 curas
440 657 605 707 Fabius
629 675 711 706 nos
735 657 904 705 excitat
925 675 938 705 ε
959 656 1038 705 illa
1061 655 1263 704 senestus

199 725 312 775 Heu
336 733 345 772 ἱ
369 724 495 786 fatis,
523 744 622 791 quae
647 725 740 773 sola
765 725 880 772 meis
906 724 1190 772 currentibus
1211 723 1370 774 obstat.

204 791 368 841 Cernis
391 808 441 841 ut
462 792 634 841 armata
658 791 1029 841 circumfundare
1056 788 1226 839 corona
1244 831 1257 852 ,

204 859 264 908 Et
284 860 426 908 vallet
454 860 608 909 clauso
637 860 855 909 collefius
886 859 1019 907 miles
1046 857 1091 907 in
1121 860 1246 906 orbe.

67 928 167 999 -310'
203 926 382 977 Verum
400 944 486 994 age
506 936 660 992 (nunc
679 927 861 992 quando
880 944 948 974 res
967 933 1098 985 artae)
1117 927 1302 990 percipe
1320 923 1459 987 porr&

204 994 323 1058 Quae
347 996 564 1044 meditata
585 996 715 1045 mihi.
739 995 880 1043 Latos
914 1008 1122 1055 correpta
1147 1011 1230 1058 per
1255 1010 1388 1061 agros

202 1062 430 1110 Armenta
452 1062 620 1111 assueto
646 1063 761 1112 belli
787 1064 844 1112 de
871 1080 1001 1110 more
1031 1062 1295 1126 sequuntur.

208 1130 438 1179 Cornibus
463 1146 640 1179 arentes
661 1131 839 1179 edicam
864 1131 1092 1178 innectere
1116 1147 1268 1178 ramos
1285 1168 1300 1189 ,

204 1198 522 1264 Sarmentique
543 1200 670 1248 leves
691 1198 833 1247 fronti
854 1199 1052 1264 religare
1074 1197 1303 1260 maniplos
1324 1216 1336 1246 :

74 1281 164 1333 315
205 1266 437 1314 Admotus
460 1284 604 1330 quum
625 1266 857 1316 fervorem
883 1265 1136 1329 disperserit
1158 1265 1273 1331 ignis
1292 1304 1305 1324 ,

203 1333 276 1384 Ut
298 1333 456 1396 paffim
476 1334 700 1382 exsultent
720 1333 979 1382 stimulante
1001 1333 1160 1380 dolore
1184 1332 1372 1395 juvenci
1387 1371 1399 1392 ,

202 1401 262 1450 Et
286 1418 406 1468 vaga
426 1419 509 1465 per
530 1402 673 1450 colles
695 1401 878 1450 cervice
899 1400 1113 1449 incendia
1135 1400 1318 1460 iactent.

204 1468 334 1517 Tum
354 1484 522 1518 terrore
544 1487 668 1517 novo
692 1468 893 1532 trepidus
914 1468 1090 1516 laxabit
1112 1467 1289 1531 iniquas

203 1536 365 1585 Custos
385 1537 630 1593 excubias,
652 1536 920 1601 majoraque
939 1575 951 1597 ,
983 1537 1117 1584 nocte
1136 1575 1148 1596 ,
1169 1535 1368 1583 timebit.

75 1624 166 1672 320
204 1604 251 1653 Si
274 1603 401 1653 cordi
428 1604 636 1652 confulta
662 1610 846 1666 (moras
870 1617 1077 1651 extrema
1101 1603 1348 1661 recusant)

202 1671 549 1739 Accingamur,
573 1671 647 1719 ait.
676 1669 882 1719 Gemino
907 1671 1096 1720 tentoria
1118 1669 1265 1738 greffu

201 1739 315 1788 Inde
339 1757 513 1804 petunt.
538 1741 709 1807 Ingens
732 1740 896 1805 clypeo
919 1739 1104 1788 cervice
1130 1736 1307 1801 reposta

206 1809 332 1856 Inter
352 1826 519 1873 equos,
539 1809 746 1871 interque
771 1807 891 1855 viros
910 1847 920 1866 ,
945 1807 1156 1871 interque
1179 1806 1361 1864 iacebat

205 1875 356 1939 Capta
381 1894 521 1924 manu
547 1875 718 1937 spolia,
741 1881 782 1924 &
805 1874 999 1923 rorantia
1022 1874 1145 1923 caede
1171 1873 1388 1922 Maraxes
1411 1892 1421 1919 :

77 1962 164 2009 325
206 1943 281 1993 Ac
307 1943 456 1992 dIrum
480 1943 525 1992 in
553 1944 715 1991 somno
738 1982 750 2003 ‚
775 1961 860 1991 ceu
880 1942 1004 1990 bella
1027 1940 1300 2003 capesseret,
1325 1956 1483 1988 amens
1505 1937 1509 1941 ’

208 2011 479 2061 Clamorem
502 2026 601 2062 tum
624 2011 744 2060 forte
771 2010 931 2072 dabat3
958 2010 1207 2072 dextraque
1231 2024 1459 2058 tremente

206 2080 353 2128 Arma
373 2094 475 2128 toro
492 2120 503 2141 ,
528 2086 568 2128 ἃ
591 2093 752 2127 notum
772 2080 1003 2141 quau-ebat
1025 2076 1229 2127 fervidus
1253 2076 1425 2124 ensem,

270 2147 401 2197 Huic
424 2148 569 2214 Mago
587 2188 598 2210 ‚
620 2145 798 2195 inversa
825 2145 1031 2210 quatiens
1057 2159 1107 2192 ut
1130 2143 1314 2206 dispulit
1336 2141 1457 2190 hasta

207 2215 470 2265 Bellantem
492 2216 707 2263 somnum
729 2234 740 2261 ε
765 2212 962 2262 tenebris
977 2253 988 2274 ,
1003 2211 1244 2260 fortissime
1271 2211 1461 2272 ductor,

79 2301 172 2350 330
207 2283 303 2332 Iras
321 2282 591 2346 compesce,
611 2298 746 2346 atque
765 2282 811 2329 in
835 2281 991 2330 lucem
1015 2279 1178 2343 proelia
1200 2277 1350 2327 differ.

209 2351 288 2399 Ad
303 2350 510 2400 fraudem
524 2392 536 2413 ,
555 2350 878 2413 occultamque
893 2349 1052 2415 fugam
1068 2387 1079 2408 ,
1095 2346 1305 2413 tutosque
1322 2359 1535 2408 receptus

212 2417 357 2467 Nunc
377 2421 509 2467 nocte
529 2419 750 2466 utendum
773 2418 847 2465 est.
872 2417 1067 2464 Arentes
1090 2417 1270 2464 nectere
1292 2413 1482 2463 frondes

209 2484 468 2546 Cornibus,
493 2492 534 2535 &
559 2485 660 2534 latis
685 2485 877 2534 accensa
901 2483 1147 2534 immittere
1172 2481 1312 2547 sylvis

214 2553 464 2614 Armenta,
491 2553 685 2617 oppositi
706 2552 903 2602 reserent
924 2570 1015 2617 quo
1037 2551 1224 2611 claustra
1248 2548 1472 2612 manipli,

86 2640 108 2689 3
121 2635 176 2685 35
218 2619 484 2670 Germanus
504 2635 631 2685 parat
647 2661 659 2679 ,
681 2636 816 2684 atque
839 2619 1008 2669 obsessa
1030 2619 1231 2668 evellere
1257 2617 1418 2670 castra.

217 2687 553 2761 Emergamus5
578 2695 620 2744 δι
640 2688 718 2746 hic
740 2687 886 2743 Fabio
909 2679 1180 2757 persuadeat
1203 2686 1327 2738 astus
