1627 3056
120 217 147 247 2
655 203 893 246 Nora

174 287 244 324 40.
269 272 369 328 Qua·
403 272 510 314 laeta.
548 270 610 312 Sic
652 276 754 314 redte
783 276 833 315 R.
870 289 908 315 2.
950 275 1160 327 Saepiffime
1186 285 1300 329 qaae,
1330 277 1427 330 qui,

124 330 214 382 quia
232 360 242 376 ‚
275 332 375 380 quod
389 356 400 370 ‚
427 340 633 367 mutantur
655 341 677 366 a
701 329 891 368 Librariis
914 329 955 368 in
975 345 1088 382 quum
1105 361 1115 378 ‚
1133 335 1172 372 ὃ(
1189 333 1274 373 vice
1287 334 1424 374 verssst

127 386 218 424 hinc
246 398 357 430 cum,
386 385 425 421 &
455 394 533 420 tum
556 413 570 429 ,
602 392 692 421 tunc
711 413 725 430 ,
756 384 797 422 in
821 384 923 422 aliis.

179 453 247 488 42.
287 435 484 476 Intulerit.
515 437 546 474 E
577 436 751 489 Virgilio
772 466 784 483 ,
815 437 843 476 l.
868 438 901 475 Ι.
928 445 993 486 67.

179 508 244 543 43.
277 493 348 533 Bis
378 502 510 541 capta.
538 491 569 529 E
594 491 798 543 Virgilio,
828 492 854 530 l.
879 491 950 530 IX.
982 506 1055 538 599
1080 523 1090 539 ,
1127 500 1220 539 635.

179 555 246 597 46.
280 544 463 596 Capiant.
501 543 549 582 In
575 558 608 583 c.
636 545 741 583 Tell.
774 546 942 596 capient.
970 546 1031 584 lb.
1064 546 1172 586 mihi.
1199 550 1314 587 Nota
1343 548 1433 588 hel-

124 603 337 642 lenismum
361 612 428 638 aut
454 598 721 651 gallicismum
740 612 906 652 propter
934 601 1090 638 versum
1118 608 1218 649 296,
1240 603 1266 640 1.
1285 603 1426 651 XVII,

124 670 245 710 quem
274 652 544 694 absurdissime
568 666 802 705 corruptum
826 667 911 693 non
938 652 1040 692 vidit
1069 655 1198 694 Drak.
1227 668 1301 696 nec
1320 657 1405 697 alii.

184 722 248 759 54.
286 708 372 749 Vix
405 719 659 757 rumpentem.
696 708 727 745 E
750 708 895 760 virgil.
926 707 952 746 l.
980 708 1030 747 V.
1064 716 1154 759 807.

182 778 245 814 57.
272 761 442 802 Devius.
465 761 618 802 Confer
640 760 801 801 Livium
819 792 829 809 ,
845 762 871 801 1.
896 760 1021 809 XXI,
1051 775 1086 801 c.
1113 780 1154 813 4.
1171 763 1347 804 Homer.
1365 763 1425 812 V,

129 825 222 869 7⁶¹·
250 821 288 857 ὅ(
319 817 388 855 Sil.
412 817 436 854 1.
463 814 542 855 ΙΙΙ.
585 829 672 861 123·
1432 838 1436 841 -

182 879 245 917 63.
279 870 338 910 Et
364 869 532 910 cladum.
562 871 626 910 Sic
656 867 739 908 duo
763 882 933 909 veteres.
963 869 1089 920 Quod
1115 885 1136 910 e
1157 886 1196 910 v.
1214 885 1262 922 41
1289 872 1430 924 supra,

128 930 167 966 «Sc
186 926 211 964 lv
229 925 343 965 VIII.
366 932 429 963 26.
448 927 551 964 reete
568 924 695 963 stabit.
714 924 804 962 Alii
820 940 866 963 ac
886 924 1074 972 laudum3
1105 925 1211 977 prius
1236 927 1404 977 praetuli.

186 987 250 1031 64.
283 979 395 1031 Visa.
430 979 492 1018 Sic
518 979 743 1018 constanter
772 991 929 1019 omnes.
959 980 1066 1021 Male
1094 980 1292 1021 cellarius
1315 981 1434 1021 habet

128 1034 213 1088 nisu
242 1049 293 1074 ex
322 1032 518 1084 Heynfio.

184 1096 249 1128 66.
272 1086 433 1128 Famuli
451 1092 503 1127 ad
528 1086 680 1127 limina.
705 1086 865 1127 Scilicet
884 1087 1105 1139 stipatores
1123 1119 1138 1135 ‚
1165 1087 1349 1141 armigeri
1377 1088 1434 1128 ita

126 1143 472 1196 nuncupabantur.
504 1143 568 1186 Sic
596 1143 637 1180 in
660 1143 849 1181 Homero
875 1141 1169 1194 Thrasymedes
1196 1142 1345 1182 dicitur
1363 1143 1437 1193 fa-

131 1197 258 1237 mulus
287 1195 528 1250 Sarpedonis
545 1226 558 1244 ,
590 1196 794 1235 Patrocles
819 1196 941 1236 etiam
961 1196 1089 1236 modo
1107 1197 1279 1245 amicus,
1306 1197 1436 1237 modo

121 1252 304 1306 fizmulus
326 1250 507 1290 Achillis.
524 1251 734 1303 Ineptiunt
750 1251 818 1304 qui
835 1249 898 1290 hic
919 1264 1081 1291 tuentur
1095 1250 1256 1290 lumina.
1283 1251 1437 1291 Confer

130 1307 275 1360 Virgil.
306 1304 377 1344 IX.
403 1311 496 1354 648.
527 1307 623 1344 Stat.
652 1305 783 1345 Theb.
812 1306 844 1343 Ι.
874 1320 977 1353 521,
1001 1309 1040 1345 &
1066 1306 1114 1345 X.
1136 1320 1225 1352 321.
1252 1305 1439 1346 Bernart-

130 1362 264 1402 Doue
293 1357 485 1413 prodigus
512 1359 648 1399 inania
676 1372 805 1412 captat
833 1359 896 1399 hic
928 1360 1056 1399 Drak.

188 1430 253 1462 71.
287 1412 484 1454 Tandem.
518 1415 614 1453 Vox
651 1414 876 1466 emphatica
902 1444 912 1460 ,
956 1414 1139 1454 constans
1172 1414 1213 1452 in
1246 1413 1438 1454 omnibus

132 1469 338 1522 antiquis,
371 1481 491 1521 quam
527 1467 638 1508 nefas
673 1469 802 1521 capite
844 1469 1040 1508 minuere.
1083 1469 1209 1508 Dabit
1248 1469 1436 1520 exempla

133 1525 199 1564 vel
224 1524 329 1563 solus
352 1523 502 1562 Bittius
523 1522 663 1562 Lexic.
686 1524 740 1566 R.
764 1524 898 1576 Steph.
926 1523 990 1563 Ib.
1008 1522 1180 1574 patrius.
1205 1522 1310 1563 Vide
1332 1523 1440 1564 Livi.

135 1580 163 1620 l.
197 1578 305 1618 XXI..
333 1591 368 1618 c.
400 1592 433 1616 1.

189 1641 253 1682 78.
290 1632 465 1673 Primam
495 1644 646 1671 vocem.
682 1632 807 1671 Vetus
841 1646 941 1671 unus
971 1632 1122 1682 primas
1159 1645 1286 1671 voces.
1324 1631 1372 1670 In
1405 1644 1440 1671 c.

136 1687 409 1736 Put.prima--
421 1685 558 1737 lingua
574 1715 583 1732 ,
609 1684 721 1737 quod
745 1698 829 1723 non
856 1687 911 1725 ita
945 1687 1049 1726 male
1065 1718 1076 1733 ‚
1108 1699 1150 1725 ut
1173 1699 1286 1738 putat
1308 1686 1439 1725 Drak.

136 1741 356 1783 Idiotismo
376 1739 494 1779 simili
509 1738 617 1777 dixit
633 1739 848 1778 Terentius
862 1740 1033 1790 primam
1061 1739 1174 1779 dedit
1200 1753 1440 1788 mammam;

141 1798 245 1836 τεᾶε
275 1808 371 1847 ergo
402 1794 518 1832 staret
539 1792 675 1844 primii
698 1792 836 1845 lingui}
866 1808 981 1834 voces
1007 1793 1250 1846 distinguere.

200 1858 264 1889 86.
297 1846 457 1898 Moesto.
478 1847 540 1885 Sic
560 1847 740 1900 plerique
763 1860 930 1888 veteres.
952 1848 999 1885 In
1021 1861 1053 1887 c.
1075 1848 1180 1887 Te11.
1201 1846 1442 1886 emendatur

141 1902 281 1954 maestae
306 1934 321 1951 ,
359 1916 400 1941 ut
428 1901 577 1953 legitur
606 1902 647 1939 in
679 1901 850 1954 vulgatis
869 1931 880 1948 ‚
913 1904 952 1940 &
981 1903 1030 1942 R.
1059 1917 1091 1941 ι.
1122 1903 1246 1943 Dixit
1270 1901 1443 1952 maestum

141 1962 237 1999 ebur
269 1956 415 2010 virgil.
443 1957 598 2009 Georg.
630 1955 663 1994 Ι.
687 1969 781 2004 479.

195 2027 261 2060 93.
289 2011 429 2063 Atque.
472 2010 538 2049 Bis
565 2040 575 2057 ‚
608 2023 651 2049 ut
675 2008 820 2061 Virgil.
849 2007 989 2060 Eclog.
1019 2009 1070 2048 V.
1107 2023 1172 2055 23·
1206 2009 1249 2048 in
1274 2006 1445 2049 Beneffa

138 2067 226 2124 jam
253 2065 415 2105 Enneae.
450 2065 567 2105 Solus
596 2065 628 2104 is
666 2062 790 2103 refert
827 2063 929 2103 mihi
966 2075 1109 2102 vocem
1148 2064 1313 2102 Enneae.
1353 2063 1444 2102 Alii

140 2121 297 2175 antiqui
331 2120 474 2161 Etneoe
513 2118 578 2160 vel
619 2117 819 2159 AEtlzneae.
849 2117 989 2158 Scribo
1020 2116 1190 2156 Henneae
1216 2133 1227 2155 .·
1270 2129 1354 2156 vox
1389 2116 1445 2157 est

174 2190 303 2216 unica.
861 2216 863 2218 ,

144 2192 169 2232 P
196 2237 261 2276 96.
293 2228 505 2280 Inaccetfi.
541 2229 714 2281 Surgunt
737 2225 879 2267 audito
907 2224 1085 2264 carmine
1110 2222 1291 2276 magico,
1323 2236 1375 2263 ex
1403 2238 1447 2265 ν.

148 2298 237 2330 103.
272 2284 396 2324 Re&e
424 2281 600 2334 explicat
625 2283 754 2321 Drak.
796 2295 847 2320 ex
875 2281 1040 2319 Pausan.
1067 2279 1226 2319 Heliae.
1252 2277 1283 2317 1.
1314 2290 1349 2318 c.
1378 2289 1448 2329 27.

143 2336 300 2378 Confer
325 2339 421 2376 Stat.
451 2337 582 2376 Theb.
605 2337 679 2375 VI.
707 2343 796 2375 688.
826 2339 972 2375 Lucan.
998 2334 1068 2372 VI.
1100 2340 1194 2383 463.

204 2398 296 2431 106.
328 2389 531 2430 Recidiva.
560 2390 622 2429 Sic
645 2389 800 2443 antiqui
822 2420 831 2436 ,
863 2389 935 2428 nili
954 2390 1004 2429 R.
1025 2402 1060 2429 2.
1086 2388 1152 2427 ubi
1177 2386 1355 2428 redeuiua
1371 2398 1447 2440 pro

145 2445 336 2487 rediviva.
364 2443 459 2482 Vid.
485 2444 630 2497 Virgil.
654 2444 724 2483 IV.
752 2459 829 2493 344
849 2474 860 2489 ,
896 2448 935 2483 δε
963 2443 1030 2482 Sil.
1058 2444 1106 2481 X.
1140 2448 1230 2488 256·

204 2508 293 2539 108.
322 2497 485 2544 Patria.
508 2498 557 2537 In
575 2497 749 2538 secundo
771 2499 871 2537 casu.
902 2499 962 2538 Sic
977 2496 1133 2549 antiqui
1149 2499 1276 2545 reete,
1309 2494 1381 2535 nifi
1404 2494 1448 2535 in

143 2567 180 2594 c.
207 2554 299 2592 Put.
323 2552 459 2604 patria
487 2569 498 2591 .·
532 2552 650 2592 male.
683 2553 763 2592 Dic
785 2556 947 2592 dedecus
972 2551 1128 2602 patria.

204 2620 292 2651 109·
323 2605 434 2659 Hpq-e.
466 2607 583 2645 Vano
613 2607 768 2659 pruritu
789 2607 932 2646 laceffit
956 2607 995 2644 h.
1021 2606 1048 2645 l.
1075 2603 1288 2658 HeynfiuS.

210 2659 453 2707 113.,Di.=ea.
474 2660 535 2699 Sic
559 2662 608 2701 R.
632 2675 666 2699 x.
684 2660 797 2713 quod
820 2662 1021 2714 quaerebat
1042 2660 1309 2700 Burmannus.
1336 2655 1450 2698 Male

143 2713 244 2754 dida
260 2714 340 2754 alii.
356 2713 478 2754 Conf.
496 2714 638 2766 Virgil.
659 2714 727 2753 IX.
751 2723 841 2764 804.
868 2716 934 2754 ubi
954 2712 1234 2757 contra-fidem
1258 2710 1448 2753 codicum

142 2769 335 2830 §Onnum
355 2770 494 2830 legunt
505 2768 640 2827 j¹1ffi25
664 2767 777 2822 idem,
793 2782 908 2815 error
931 2769 959 2816 1.
977 2770 1055 2829 IV²
1077 2775 1173 2830 §94-
1183 2768 1306 2825 jafra,
1321 2764 1446 2822 jada.
