1653 3056
375 146 996 216 L1BERVII.
1331 157 1433 217 133

132 258 180 311 Si
205 255 317 307 lucis
336 254 464 322 piget
482 293 494 314 ,
517 269 572 300 ae
594 245 813 314 supremis
833 244 921 293 effe
944 237 1114 304 cupido
1135 235 1196 285 est

50 364 53 372 Α
130 323 348 377 Nominis
370 319 589 379 Ausonii,
611 316 833 379 taedetque
853 312 899 361 in
920 322 1128 370 tempore
1147 302 1228 353 tali

135 393 339 442 Nullum
365 388 498 438 clade
525 385 647 435 novfi
663 423 674 444 ,
696 382 920 444 claraeque
946 376 1130 442 fragore
1157 370 1295 420 ruinae

112 460 366 527 -Infignem
392 454 547 505 fecisse
573 453 730 502 locum
749 489 761 510 ,
786 443 1072 498 revocandus
1089 442 1146 488 ab
1173 437 1276 487 atris

4 547 95 596 ²30
130 525 384 576 Flaminius
407 522 537 572 vobis
560 521 620 569 est
643 517 836 567 sedibus.
870 512 954 560 Ille
980 507 1143 558 ruendi
1164 546 1177 567 ,

136 595 244 649 Jam
264 593 435 642 dudum
448 604 712 654 properans,
724 584 917 650 signum,
929 575 1272 640 auspiciumque
1286 565 1486 618 dedisset.

202 663 281 710 An
303 660 513 709 nondum
533 671 734 719 praeceps
748 691 760 712 ‚
782 650 1026 710 vicinaque
1045 644 1141 692 fata
1159 640 1322 690 videtis
1341 649 1353 684 ἒ

134 730 249 779 Una
267 769 278 790 ‚
300 743 350 776 ut
371 725 572 775 debellet
587 764 598 785 ‚
628 721 729 769 satis
749 719 810 766 est
831 713 1017 765 vietotia
1036 711 1199 760 Poeno.

140 797 263 845 State
281 836 292 857 ‚
308 794 394 844 viri
406 833 418 854 ,
433 799 473 841 &
493 790 648 840 sentite
671 788 855 835 ducem.
871 783 1037 845 Quum
1054 775 1254 841 optabile
1269 786 1450 834 tempus

10 882 101 933 235
144 862 382 927 Deposcet
406 861 587 908 dextras
603 897 615 917 ,
640 870 749 904 tunc
772 853 850 900 ista
869 848 1042 898 ferocia
1065 845 1183 893 dista

138 931 398 995 AEquentur
416 927 562 976 factis.
585 921 783 972 Nonest
799 959 810 980 ‚
836 916 950 966 mihi
970 912 1144 963 credite
1159 953 1170 972 ‚
1196 925 1287 958 non
1307 907 1369 956 est

139 998 326 1047 Arduus
354 997 399 1044 in
426 1010 602 1060 pugnas
627 990 738 1040 ferri
760 989 916 1036 labor:
942 1000 1033 1031 una
1053 979 1236 1030 reclusis

144 1066 330 1115 Omnes
358 1063 451 1127 jam
478 1061 618 1124 portis
641 1058 686 1106 in
713 1070 931 1117 campum
960 1047 1171 1098 effuderit
1196 1047 1343 1094 hora:

142 1133 377 1199 Magnum
402 1129 517 1178 illud
535 1168 546 1189 ‚
571 1126 764 1190 solisque
786 1122 941 1170 datum
963 1134 1076 1182 quos
1099 1114 1217 1163 mitis
1239 1126 1415 1161 euntes·

12 1222 106 1263 240
144 1201 321 1263 Jupiter
340 1195 546 1260 adspexit
560 1235 572 1255 ,
590 1209 816 1260 magnum
841 1189 902 1238 est
923 1204 980 1234 ex
1000 1184 1123 1233 hoste
1141 1180 1323 1231 reverti.

138 1268 353 1318 Fortunae
380 1266 522 1328 Libys
543 1260 795 1320 incumbit,
816 1256 1018 1318 flatuque
1039 1250 1238 1300 secundo

142 1335 267 1384 Fidit
294 1349 433 1400 agens
459 1330 666 1393 puppim.
696 1328 828 1376 Dum
854 1323 1025 1372 desinat
1050 1337 1158 1368 aura
1178 1357 1190 1379 ,
1222 1312 1430 1378 sinusque

145 1401 373 1451 Destituat
393 1397 590 1447 tumidos
614 1395 831 1443 subducto
853 1389 1039 1438 flamine
1060 1401 1221 1436 ventus
1238 1423 1252 1445 ‚

146 1472 198 1518 In
224 1488 324 1517 rem
351 1465 547 1515 cunctari
572 1462 728 1511 fuerit.
754 1459 869 1508 Non
889 1457 982 1505 ulla
1006 1451 1199 1518 perenni

18 1554 109 1599 245
151 1536 386 1599 Amplexu
410 1534 593 1582 fortuna
628 1530 772 1578 fovet.
797 1527 901 1580 Jam
921 1523 1053 1586 copia
1074 1533 1246 1586 quanto

147 1603 304 1653 Artior
325 1603 384 1649 est
407 1599 534 1648 nullo
555 1596 710 1660 Tyriis
728 1591 977 1643 certamine
999 1600 1009 1638 Ξ
1032 1588 1257 1654 quantum

149 1672 386 1720 Detriturn
410 1670 469 1716 est
489 1667 623 1714 famae
649 1672 658 1712 l
683 1662 789 1728 quin
811 1701 822 1720 ‚
847 1661 963 1709 inter
984 1673 1143 1707 caetera
1162 1695 1174 1716 ,
1196 1651 1341 1702 nostra

148 1738 290 1787 Haud
321 1736 456 1784 laude
486 1732 680 1792 afuerit,
703 1729 845 1778 modi)
869 1727 969 1792 qui.
991 1764 1001 1773 .
1031 1725 1109 1774 sed
1136 1739 1324 1784 parcere
1345 1716 1470 1768 dietis

149 1807 217 1855 Sit
237 1805 417 1853 melius.
443 1801 470 1856 J
477 1820 551 1849 am
573 1819 656 1851 vos
675 1798 792 1847 acies
814 1803 856 1846 &
876 1794 1037 1860 proelia
1058 1799 1097 1842 &
1125 1791 1302 1839 hostem

23 1893 115 1937 :⁵⁴50
150 1873 340 1923 Poscitis
361 1885 372 1919 ?
397 1890 424 1919 o
452 1883 658 1924 maneat,
683 1864 872 1928 Superi,
894 1861 1062 1912 fiducia
1088 1858 1190 1909 talis
1212 1859 1224 1909 !

154 1944 334 1990 Interea
355 1981 366 2002 ‚
389 1935 574 1987 exclusa
596 1934 780 1987 maioris
802 1934 916 1980 sorte
936 1929 1097 1994 pericli
1117 1966 1130 1987 ,

155 2010 239 2058 Me
261 2009 406 2056 solum
429 2046 440 2065 ‚
464 2003 639 2069 quaeso,
662 2004 741 2050 toti
772 2019 845 2048 me
871 1996 1087 2062 opponite
1108 1994 1251 2042 bello.

223 2076 313 2125 His
334 2074 461 2124 dietis
480 2073 645 2121 fractus
665 2069 791 2117 furor
805 2108 816 2129 ‚
839 2073 881 2117 &
904 2064 1057 2114 rabida
1081 2080 1208 2110 arma
1227 2057 1456 2125 quierunt.

155 2145 226 2194 Ut
246 2160 388 2208 quum
405 2140 593 2190 turbatis
616 2136 850 2200 placidum
868 2145 1005 2196 caput
1024 2128 1187 2179 extulit
1206 2127 1339 2175 undis

26 2229 114 2276 255
157 2212 405 2274 Neptunus
419 2248 433 2267 ‚
453 2222 692 2267 totumque
712 2203 837 2253 videt
853 2237 866 2258 ,
885 2215 1073 2263 totoque
1093 2196 1272 2246 videtur

156 2281 393 2346 Regnator
412 2291 552 2339 ponto
572 2294 585 2331 3
609 2272 713 2320 saevi
735 2271 830 2319 fera
854 2282 1088 2316 murmura
1109 2263 1242 2313 venti

158 2346 412 2397 Dimittunt
429 2384 441 2404 ‚
462 2340 703 2403 nuilasque
724 2351 913 2387 movent
933 2336 977 2383 in
998 2330 1224 2381 frontibus
1243 2327 1336 2376 alas
1350 2366 1365 2388 ,

161 2417 292 2464 Tum
316 2413 475 2462 sensim
496 2405 645 2458 infusa
669 2404 912 2470 tranquilla
932 2420 1013 2464 per
1034 2415 1215 2463 aequora
1236 2412 1353 2460 pace

163 2484 461 2547 Languentes
479 2477 617 2525 tacito
639 2476 797 2522 lucent
817 2472 857 2520 in.
882 2471 1014 2520 litore
1033 2468 1206 2516 fluctus.
1221 2513 1236 2523 N

36 2561 130 2603 260
168 2550 313 2599 Senfit
334 2565 444 2597 cura
467 2545 603 2611 sagax
623 2541 782 2598 Poeni,
802 2537 1062 2601 fraudisque
1089 2549 1272 2584 veneno

166 2615 450 2685 Aggreditur
474 2626 663 2661 mentes„
693 2610 847 2658 Pauca
869 2621 1000 2671 atque
1022 2604 1120 2652 haec
1146 2598 1255 2649 ruris
1276 2593 1386 2648 aviti

168 2686 341 2754 Jugeta
356 2715 381 2750 ‚·
399 2699 487 2737 nec
514 2678 670 2736 multis
694 2675 865 2731 Fabius
891 2674 1101 2732 vertebat
1130 2667 1320 2729 aratris3
