1627 3056
156 96 192 141 3³
688 110 929 154 Nora!

159 167 232 220 qui
260 179 375 212 extra
397 172 605 226 prominet
623 208 632 223 ,
667 178 734 219 sed
751 181 821 234 qui
846 183 1010 223 ultimus
1035 182 1075 223 in
1105 182 1191 226 imo
1220 185 1459 230 mandibula

157 236 286 277 prope
311 227 460 279 gulam.
494 230 580 270 Adi
605 232 782 273 Birriurr.
811 237 944 276 Lexic.
973 239 1023 279 R.
1056 240 1188 292 Steph.
1224 243 1333 282 Male
1363 246 1461 295 ergo

157 291 234 328 pro
251 281 428 332 geminat
439 285 671 326 obtruditur
680 288 904 341 genuinum,
917 292 1025 344 peius
1034 295 1229 345 geminum
1241 296 1320 336 sine
1337 299 1463 337 sensu.

156 333 354 374 standum
387 350 471 376 erat
499 339 542 377 in
566 354 599 380 c.
626 344 716 383 Col.
743 344 915 396 quinon
937 348 1201 400 negligendus
1229 381 1243 398 ,
1285 350 1353 390 sed
1372 363 1459 391 erat
1538 382 1541 385 -

157 388 451 430 emendandus.
475 394 640 434 Versum
667 395 822 437 dudum
845 413 1077 451 corruptum
1098 404 1178 451 jam
1206 417 1464 445 tentaverant

159 443 282 492 primi
320 443 501 485 editores
534 461 556 487 e
603 450 788 504 Virgilio·
810 452 919 492 forte
947 453 1019 494 IX.
1051 470 1138 502 553.
1173 459 1221 496 X.
1254 468 1345 508 708.
1386 463 1462 500 &c.

156 495 231 536 red
254 497 406 539 frustra.
440 499 527 540 Adi
554 503 729 546 Homer.
755 505 804 545 11.
834 507 948 546 XIII.
976 524 1068 559 470.
1098 525 1191 560 475.
1219 511 1462 552 Conferesfi

159 550 295 591 lubeat
315 552 365 591 ΙΙ.
397 553 466 592 ΧΙ.
497 571 590 607 414.
619 559 712 599 XII.
746 568 832 610 146.
870 562 1006 601 Habes
1028 563 1132 602 infra
1155 578 1195 603 v.
1228 580 1315 617 537.
1334 567 1461 620 gemi-

158 615 253 644 nato
270 606 444 656 fitlmine
469 639 479 656 ,
507 615 545 651 ὃ(
574 613 686 665 supra
714 621 800 653 168.
824 616 1024 668 geminato
1043 617 1212 658 vulnere.
1237 621 1338 660 Non
1355 623 1463 661 inso-

158 662 246 720 lens
271 673 368 714 ergo
394 662 493 702 Silio
520 678 604 704 vox
624 669 836 720 geminare.
863 670 963 708 Non
982 683 1073 711 raro
1094 672 1300 713 mutarunt
1326 675 1464 715 Libra-

159 715 211 752 rii
230 718 349 754 verba
372 717 417 763 in
439 719 608 758 nomina
628 752 637 768 ,
676 727 714 761 &
741 723 825 763 vice
851 725 975 775 vei-siz.

212 783 308 818 437.
331 769 480 811 Tonat.
495 773 556 811 Sic
572 779 674 814 ret‘joe
696 789 773 816 tres
790 778 958 831 antiqui.
983 777 1030 817 In
1050 777 1210 820 Justino
1224 811 1232 825 ,
1251 780 1276 819 1.
1294 781 1464 824 XXXII.

159 837 193 862 c.
221 839 259 872 4.
284 824 388 864 bello
411 837 610 867 tonantem
625 830 905 872 Hannibalem.
925 834 1035 872 Male
1061 838 1196 874 domat
1215 836 1317 875 aliis.
1340 837 1463 891 Inep·

160 877 211 916 tit
235 878 297 918 hic
323 878 406 918 Jul.
435 882 621 935 Scaliger.

216 946 311 981 455.
337 932 540 975 Praedam.
558 939 588 976 E
604 937 805 979 Cicerone
820 971 830 988 ‚
855 958 880 976 u
898 955 1128 994 proponere
1145 942 1283 984 urbem
1300 943 1352 984 ad
1365 958 1466 998 prae·

158 983 257 1025 dam
275 1005 314 1028 ιο.
343 988 394 1029 In
422 1003 454 1028 c.
478 991 526 1029 T.
544 997 723 1041 praedam
740 1025 750 1041 ‚
783 999 822 1034 ὃς
850 1010 867 1034 s
897 1002 1007 1047 {uper
1033 1010 1084 1037 m.

213 1049 308 1092 462.
340 1042 464 1084 Jacz‘z.
493 1045 586 1085 Vid.
618 1048 761 1101 Virgil.
789 1050 837 1088 X.
865 1063 956 1096 271.

223 1109 312 1142 503.
341 1096 524 1151 Urgenti.
553 1100 660 1141 Aliis
688 1102 861 1153 instanti.
888 1104 989 1155 Ine.
1005 1104 1110 1145 Tell.
1130 1117 1257 1158 prope
1277 1137 1287 1154 ,
1319 1103 1468 1161 ingenti

161 1149 321 1191 vitiose.
354 1152 450 1192 Vid.
486 1154 625 1208 virgil.
654 1156 705 1194 11.
735 1165 828 1203 653.

218 1219 311 1251 505.
336 1206 538 1248 Avertite.
567 1211 599 1248 E
628 1211 768 1264 Virgil.
795 1211 870 1250 111.
896 1218 988 1252 620.

218 1273 305 1304 520.
327 1259 428 1301 Coit.
445 1261 555 1300 Imit.
574 1264 703 1304 Hom.
721 1264 771 1305 de
789 1279 958 1319 corpore
974 1263 1227 1318 Sarpedonis.
1248 1265 1436 1313 σύμβαλον
1452 1293 1464 1312 ,

163 1317 237 1352 ἃς.
264 1313 314 1353 11.
340 1315 449 1354 XVI.
478 1324 567 1362 565.
1196 1335 1200 1336 ⁷

220 1381 313 1419 524.
340 1368 512 1422 Decisoe.
544 1371 687 1424 Virgil.
718 1372 788 1412 IX.
813 1381 905 1414 810.
928 1373 1112 1428 discuffoe.

222 1436 314 1469 525.
336 1422 570 1475 Dereptum.
596 1427 720 1466 Reete
738 1429 779 1465 in
800 1428 1002 1468 veteribus
1021 1426 1272 1481 quibusdam.
1295 1429 1468 1470 Notabo

163 1489 321 1517 veteres
341 1479 440 1530 saepe
466 1479 659 1520 exhibere
677 1485 723 1520 de
748 1483 791 1520 in
818 1482 996 1534 pluribus
1021 1483 1187 1523 vocibus
1215 1496 1301 1536 quae
1320 1497 1411 1524 cum
1428 1483 1471 1529 di

163 1545 379 1572 occurrunt
402 1533 444 1572 in
471 1534 674 1587 impressis.
707 1535 813 1576 Vide
840 1536 868 1575 1.
893 1536 946 1575 11.
978 1551 1042 1581 92·

220 1601 309 1633 555.
338 1587 528 1640 Averfus.
559 1588 713 1630 Confer
734 1590 877 1644 virgil.
906 1590 934 1629 1.
961 1590 1029 1629 IX.
1057 1604 1149 1640 792.
1182 1597 1271 1636 798.
1293 1590 1384 1630 aliis
1397 1595 1469 1632 ad-

161 1642 308 1693 versus.
334 1641 555 1681 Alternant
579 1644 677 1695 saepe
705 1644 866 1684 codices
893 1644 936 1683 in
959 1646 1018 1682 his
1049 1645 1216 1684 vocibus
1239 1675 1248 1690 ‚
1286 1658 1328 1684 ut
1357 1647 1387 1686 l.
1414 1646 1470 1693 11.

169 1710 257 1745 172.
282 1695 447 1748 Legitur
465 1697 626 1749 adverso
645 1697 685 1736 in
701 1699 909 1739 nonnullis
926 1729 936 1744 ‚
960 1703 997 1738 ὃς
1018 1699 1060 1736 in
1078 1701 1175 1738 Stat.
1197 1700 1328 1740 Theb.
1348 1700 1376 1739 l.
1398 1700 1473 1741 IX.

169 1763 261 1801 ²43⁴
287 1750 423 1801 averso
443 1781 459 1798 ,
495 1752 658 1802 adverso
678 1782 695 1799 ,
723 1766 884 1806 quoque
905 1765 1138 1790 occurrunt.

225 1811 315 1849 560.
344 1804 462 1845 Puer.
481 1805 635 1845 Confer
650 1806 824 1848 Homer.
844 1807 895 1846 ΙΙ.
917 1805 1070 1845 XVlIl.
1099 1820 1114 1851 5
1131 1819 1186 1856 ¹4·
1205 1805 1349 1859 Virgil.
1377 1807 1470 1847 ΧΠ.

171 1872 261 1905 132.

234 1921 324 1961 565.
362 1913 472 1953 Male
498 1913 642 1954 laceffit
669 1912 820 1954 famam
846 1913 1072 1964 Pomponii
1098 1912 1296 1964 Heynfius
1321 1944 1332 1961 ‚
1376 1928 1473 1958 narn

166 1968 280 2007 locus
296 1981 442 2008 vacuus
459 1968 700 2022 relinquitur
717 1969 760 2007 in
780 1969 862 2017 ejus
878 1967 1074 2007 editione.
1094 1968 1169 2006 Nil
1185 1966 1344 2007 addidit
1359 1982 1474 2022 ergo.

168 2023 292 2064 Reae
311 2022 477 2062 Modius
499 2023 665 2063 restituit
685 2035 844 2062 textum
865 2035 885 2063 e
901 2035 933 2061 c.
950 2021 1043 2060 Col.
1062 2021 1151 2060 Alii
1165 2035 1308 2061 omnes
1325 2022 1479 2065 vitiosi.

229 2084 317 2123 568.
351 2077 548 2129 Tempore
571 2088 686 2129 rapto
707 2076 856 2117 Marti.
880 2078 979 2117 Non
992 2075 1185 2128 intelligit
1204 2076 1333 2115 Drak.
1347 2076 1475 2125 Quod

167 2132 301 2170 veluti
325 2133 483 2185 rapiunt
503 2146 659 2185 tempus
683 2132 809 2171 Marti
842 2130 940 2177 dum
966 2129 1130 2183 quiescit
1154 2130 1359 2168 Hannibal
1381 2161 1393 2179 ‚
1423 2144 1476 2171 eo

171 2185 368 2225 utendum
389 2186 488 2226 dicit
504 2190 638 2240 poeta.
660 2187 721 2226 Sic
742 2188 784 2226 in
805 2189 899 2227 Stat.
915 2184 1043 2224 Theb.
1062 2184 1089 2223 l.
1110 2183 1204 2222 V11.
1221 2190 1314 2221 611.
1331 2204 1364 2212 ·—
1381 2202 1409 2219 ee
1424 2186 1477 2227 Et

172 2253 342 2292 praeceps
361 2254 547 2293 tempore
560 2240 725 2294 Tydeus
743 2242 867 2282 utitur
883 2258 924 2279 π».
941 2240 1051 2279 Male
1066 2238 1189 2291 igitur
1204 2237 1337 2276 editur
1349 2237 1477 2278 Mar·

173 2294 227 2334 tis
251 2295 292 2333 in
316 2295 445 2336 Drak.
583 2312 597 2325 κ

233 2363 322 2400 597.
345 2348 435 2402 Quo
456 2348 556 2390 loco.
576 2349 720 2404 Virgil.
745 2350 816 2389 IX.
843 2363 937 2401 723.
963 2349 1023 2388 Sic
1040 2347 1110 2387 Sil.
1135 2347 1162 2387 l.
1186 2346 1296 2387 XVI.
1314 2345 1355 2384 in
1373 2345 1480 2401 frag-

177 2416 318 2443 mento
339 2404 534 2444 restituto.

233 2464 323 2502 613.
356 2455 496 2511 Togce.
514 2460 636 2498 Reae
658 2472 690 2498 c.
715 2458 968 2497 C0!.Lucan.
986 2455 1041 2495 ΙΙ.
1068 2462 1155 2501 386.
1176 2468 1297 2508 quem
1313 2455 1366 2494 ob
1383 2467 1481 2495 ocu⁴

176 2511 240 2550 los
261 2511 430 2550 babebat
449 2513 593 2551 Silius:
615 2511 877 2552 confirmatur
897 2525 918 2550 a
946 2510 1162 2562 Propertio
1177 2541 1186 2556 ,
1213 2511 1239 2550 1.
1266 2509 1335 2547 [V.
1358 2509 1421 2548 El.
1445 2508 1480 2550 Ι.

176 2580 217 2613 v.
245 2579 306 2604 22.
330 2565 492 2616 pellitos
514 2567 650 2605 habuit
668 2577 863 2617 —patres.
885 2564 993 2604 Male
1014 2578 1135 2604 comae
1159 2564 1200 2603 in
1228 2564 1358 2604 Drak.

182 2614 185 2620 ¹
234 2626 324 2666 ὄις.
352 2620 529 2673 Exiguo.
554 2621 700 2673 Virgil.
725 2621 793 2658 IX.
824 2628 915 2670 697.

235 2681 328 2727 >617.
344 2675 396 2716 In
408 2675 554 2718 limine.
566 2674 681 2717 Imit-
694 2676 805 2729 Virg.
821 2676 847 2716 l.
864 2672 959 2717 vn.
977 2686 1067 2725 170.
1084 2687 1171 2721 ¹9¹·
1190 2669 1373 2723 Stanlll.
1390 2675 1479 2720 58⁹.
