1653 3056
41 442 144 514 ‘640

62 1871 127 1918 '66
132 1887 160 1916 0

69 2213 160 2268 ἑός

491 144 836 200 LIBER
913 134 987 194 V.
1377 150 1478 210 103

177 245 321 298 Disce
343 261 401 293 ex
423 260 500 291 me
523 257 700 307 pugnas
722 258 731 285 :
757 235 834 284 vel
853 234 881 282 fi
904 246 1113 300 pugnare
1134 240 1383 296 negatum,

178 315 321 364 Disce
344 312 461 360 mori
483 331 493 358 ι
515 309 638 357 dabit
656 303 923 367 exemplum
945 316 1038 349 non
1057 297 1151 348 vile
1171 296 1335 345 futuris

176 381 432 431 Flaminius
455 398 469 441 3
494 395 550 426 ne
571 392 700 443 terga
723 374 890 437 Libys,
915 387 974 417 ne
994 367 1230 416 Cantaber
1249 379 1457 430 unquam

180 448 395 499 Consulis
419 445 648 509 adspiciat.
673 442 832 500 Solus,
857 438 887 486 fi
911 450 1034 486 tanta
1058 433 1202 483 libido

180 520 254 569 Est
274 517 404 566 Vobis
419 557 431 578 ‚
452 513 686 578 rabiesque
704 510 831 576 fugae
846 546 858 568 ,
878 506 970 554 tela
991 502 1146 551 omnia
1170 500 1289 548 solus

180 588 370 637 PeGmre
393 582 643 643 consumo,
667 585 709 629 &
729 576 952 630 moriens,
975 570 1182 639 fugiente
1202 586 1285 633 per
1309 581 1439 615 auras

178 655 289 704 Hac
311 654 462 703 anima
476 689 492 716 ,
510 651 675 701 vestras
693 645 925 696 revocabo
948 640 1005 689 ad
1027 639 1192 702 proelia
1215 637 1408 684 dextras,

180 724 407 789 Dumque
440 738 493 769 ea
527 727 887 770 commemorat,
927 706 1176 772 densosque
1203 704 1300 753 obit
1332 699 1494 753 obvius

369 789 537 846 hostes,

183 857 387 908 Advolat
411 874 489 904 ora
508 854 633 903 ferus
649 892 660 913 ,
682 861 979 910 mentemque
999 840 1230 891 Ducarius
1251 858 1261 888 :
1288 837 1383 887 acri

185 927 376 976 Nomen
400 939 496 972 erat
518 920 687 989 gentile
707 919 806 969 viro
823 937 831 967 ;
851 912 1068 976 fususque
1089 906 1282 958 catervis

185 994 406 1043 Boiorum
428 989 664 1055 quondam
686 986 730 1034 in
751 982 903 1048 patriis
920 1020 930 1040 ‚
953 979 1138 1042 antiqua
1161 977 1351 1043 gerebat

187 1062 396 1112 Vulnera
417 1056 664 1105 barbaricae
688 1050 852 1103 mentis
875 1070 884 1097 :
908 1045 1192 1111 noscensque
1219 1040 1400 1105 superbi

189 1128 394 1180 Vi&oris
420 1125 601 1186 vultu33
624 1139 757 1183 tune,
781 1116 926 1184 inquit
942 1156 955 1178 ‚
978 1114 1205 1163 maximus
1230 1111 1309 1159 ille

188 1197 406 1247 Boiorum
425 1203 600 1242 terror?
625 1191 738 1239 libet
762 1188 853 1235 hoc
873 1182 1156 1252 cognoscere
1177 1180 1270 1228 telo

191 1262 410 1327 Corporis
433 1279 489 1309 an
513 1257 628 1309 tanti
647 1270 804 1306 manet
824 1253 880 1301 de
905 1252 1096 1302 vulnere
1121 1247 1317 1315 sanguis.

261 1331 367 1379 Nec
386 1346 470 1379 vos
496 1325 738 1391 poeniteat,
760 1320 1025 1386 populares,
1053 1316 1244 1366 fortibus
1267 1310 1435 1362 umbris

194 1398 305 1447 Hoc
326 1397 521 1445 maRare
542 1407 678 1457 caput
699 1412 708 1438 ε
733 1390 903 1438 nostros
922 1387 1000 1439 hic
1023 1383 1226 1434 curribus
1245 1380 1340 1448 egit

193 1465 395 1514 Infistens
418 1462 592 1512 νίῑιᾶος
618 1460 708 1507 alta
731 1456 788 1507 ad
813 1451 1045 1519 Capitolia
1069 1464 1232 1514 patres.

193 1530 350 1580 Ultrix
373 1529 485 1577 hora
505 1541 659 1577 vocat.
679 1524 853 1574 Pariter
871 1518 1204 1582 tune‘undique
1228 1513 1335 1563 fusis

195 1596 423 1648 Obruitur
446 1595 548 1644 telis
563 1633 575 1655 ‚
597 1592 849 1655 nimboque
872 1601 1034 1649 ruente
1060 1602 1141 1647 per
1166 1599 1295 1630 auras

196 1665 470 1725 Conte&u5‚
492 1661 610 1710 nulli
637 1661 794 1724 dextra
819 1655 984 1722 jaci-are
1010 1649 1196 1716 reliquit

194 1732 481 1783 Flaminium
507 1726 713 1778 cecidisse
734 1726 835 1774 sufi:
862 1739 950 1772 nec
975 1737 1130 1787 pugna
1154 1728 1397 1781 perempto

196 1800 403 1850 Ulterior
424 1799 607 1846 ἀυᾶοτε
629 1795 712 1845 fuit
735 1814 749 1858 3
775 1807 974 1855 namque
995 1786 1178 1855 agmine
1199 1782 1338 1831 denso

197 1866 424 1917 PrImores
444 1866 664 1929 juvenum
688 1863 802 1911 laeva
831 1861 889 1907 ob
916 1854 1172 1905 discrimina
1203 1849 1364 1900 Martis

198 1934 367 1985 Infenli
391 1931 604 1996 Superis,
629 1927 914 1991 dextrisque,
938 1930 978 1972 δε
1001 1939 1188 1971 cernere
1211 1919 1412 1967 Poenum

199 2004 437 2054 Vistorem
463 2002 564 2063 plus
588 2013 735 2047 morte
760 1995 845 2050 rati
862 2034 873 2056 ‚
902 1992 1032 2055 super
1059 1989 1181 2037 ocius
1207 2004 1368 2035 omnes

200 2072 416 2120 Membra
441 2067 568 2117 ducis
586 2107 597 2128 ,
619 2063 862 2127 stratosque
890 2075 1010 2107 artus
1033 2055 1281 2105 certamine
1309 2067 1481 2117 magno

200 2139 441 2201 Telaque,
465 2150 748 2197 corporaque
763 2171 773 2189 ,
794 2136 834 2178 8<
854 2146 945 2176 non
964 2126 1107 2173 fausto
1133 2123 1282 2171 Marte
1305 2134 1514 2169 cruentas

200 2205 406 2269 iniecere
433 2220 605 2251 manus.
638 2200 711 2249 Sic
735 2197 854 2246 densi
881 2194 1011 2243 caedis
1034 2208 1199 2240 acervo

203 2274 303 2323 Ceu
324 2271 502 2321 tumulo
519 2268 672 2317 texere
692 2265 858 2315 virum.
876 2262 1008 2310 Tum
1022 2299 1033 2317 ‚
1052 2260 1196 2325 strage
1212 2273 1294 2319 per
1312 2254 1454 2303 undas
1469 2292 1483 2316 ‚

202 2342 292 2391 Per
315 2341 462 2405 (ᾔνεις
484 2337 628 2399 sparsa
647 2373 659 2390 ,
681 2349 851 2397 perque
870 2330 1014 2377 altam
1040 2324 1254 2393 sanguine
1278 2323 1450 2373 vallem
1470 2360 1484 2384 ‚

202 2411 254 2458 In
279 2408 452 2457 medias
476 2404 613 2452 fratre
640 2402 841 2450 invet‘hts
863 2394 1109 2446 comitante
1136 2407 1340 2442 catervas

206 2474 437 2524 Caeso-:um
461 2473 681 2534 juvenum
709 2468 906 2525 Poenusz,
930 2482 1026 2528 quae
1050 2461 1244 2524 vulnera
1270 2455 1418 2506 cernis
1439 2466 1454 2502 ‚²

78 2555 171 2605 670
207 2543 337 2605 Quas
355 2551 550 2587 mortes?
571 2535 729 2601 inquit.
750 2533 924 2582 Premit
942 2530 1090 2579 omnis
1105 2530 1289 2577 dextera
1311 2526 1484 2574 ferrum
1497 2559 1514 2584 ‚

207 2606 514 2670 Armatusque
539 2606 657 2666 jacet
677 2604 854 2651 servans
879 2598 1127 2648 certamina
1148 2595 1296 2644 miles.

212 2677 343 2737 Hos,
364 2694 419 2725 en
447 2682 456 2724 l
487 2674 570 2724 hos
591 2672 766 2740 obitus,
789 2669 942 2719 nostrae
969 2667 1163 2732 spestate
1193 2661 1419 2712 cohortes·

1245 2728 1284 2778 E
1300 2728 1347 2779 iv
