1627 3056
126 203 234 278 278
499 197 752 256 Stth
835 196 1229 258 ITA11101

262 295 359 346 Dat
378 293 519 345 fluvio
543 335 555 356 ,
584 301 626 344 &
647 295 839 358 pedibus
861 296 1019 344 tacitas
1037 295 1258 361 eremigat
1275 295 1431 344 undas‘.
1503 325 1515 326 e

325 365 505 411 Interea
525 363 634 410 dum
652 363 822 410 incerta
847 363 968 410 labat
989 362 1204 410 sententia
1224 364 1381 410 clausis
1405 402 1419 423 ‚

261 429 412 478 Exciti
435 429 615 492 populi,
641 443 773 494 atque
795 432 928 477 urbes
949 430 1070 477 socia
1091 446 1216 475 arma
1235 428 1461 478 ferebant.

265 499 544 544 Incumbens
562 495 766 544 Messana
784 497 901 544 freto
919 535 930 556 ‚
956 496 1287 557 minimumque
1308 494 1488 543 revulsa
1503 534 1517 557 ‚

132 577 222 625 195'
259 563 469 611 Discreta
491 562 618 612 Italia
634 602 646 625 ‚
670 577 804 626 atque
830 563 958 612 Osco
981 562 1289 610 memorabilis
1311 575 1436 610 ortu:

263 630 391 677 Tum
409 630 584 678 Catane
602 669 614 691 ‚
640 631 832 678 nimium
853 628 1024 677 ardenti
1040 629 1193 678 vicina
1212 627 1415 690 Tiphoeo
1433 668 1446 690 ,

261 696 321 744 Et
341 697 571 762 generaffe
589 696 684 758 pios
704 696 935 760 quondam
956 695 1252 744 celeberrima
1270 695 1456 745 fratres:

261 763 321 810 Et
340 801 351 822 ‚
383 763 455 811 cui
477 781 566 811 non
590 763 767 811 licitum
785 763 888 811 fatis
910 763 1156 811 Camarina
1179 763 1371 812 moveri·

262 828 414 890 Tum,
438 848 533 893 quae
555 830 770 878 nectareis
788 845 922 879 vocat
942 829 997 878 ad
1021 844 1248 879 certamen
1269 829 1525 894 Hymetton
1540 868 1555 892 ‚

132 913 224 944 200
258 895 426 944 Audax
451 896 610 961 Hybla
631 897 778 959 favis;
807 897 1056 960 palmisque
1077 898 1250 944 arbusta
1275 897 1454 945 Selinus
1476 917 1488 946 z

263 962 323 1012 Et
339 1002 349 1022 ,
376 963 474 1024 justi
496 964 725 1028 quondam
745 963 898 1028 portus
920 1003 931 1025 ,
961 982 1083 1012 nunc
1103 964 1234 1012 litore
1258 964 1353 1012 solo

259 1030 518 1078 Subsidium
537 1031 731 1078 infidum
749 1032 1025 1098 fugientibus
1046 1050 1223 1097 aequora
1245 1031 1403 1094 Mylae.

262 1096 465 1145 Necnon
487 1099 601 1146 altus
620 1098 744 1162 Eryx
760 1137 772 1158 ,
796 1116 976 1146 necnon
997 1117 1022 1144 e
1041 1098 1210 1147 vertice
1232 1098 1352 1145 celso

262 1164 522 1227 Centuripae
539 1205 549 1225 ,
575 1166 796 1231 largoque
814 1167 964 1213 virens
984 1166 1164 1213 Entella
1183 1166 1322 1228 Lyaeo
1342 1184 1356 1227 3

133 1245 224 1293 205
263 1229 471 1291 Entella,
496 1232 726 1279 Hec³t0reo
747 1232 961 1280 dilectum
982 1249 1151 1279 nornen
1174 1233 1360 1280 Aeestae.

266 1297 377 1345 Non
398 1298 608 1359 Thapsos
629 1338 640 1357 ,
668 1316 759 1345 non
780 1317 804 1346 e
827 1299 1011 1346 tumulis
1038 1298 1304 1367 glacialibus
1325 1298 1458 1345 Acrae

265 1364 528 1412 Defuerunt
548 1385 557 1412 :
589 1368 806 1431 Agyrena
828 1384 987 1413 manus
1003 1407 1014 1426 ‚
1039 1365 1314 1433 geminoque
1331 1365 1522 1413 Lacone

269 1430 498 1496 Tyndaris
523 1433 734 1481 attollens
754 1433 847 1481 sese
870 1433 1037 1482 adfluit.
1064 1434 1198 1480 Altor
1219 1450 1442 1496 equorum
1518 1432 1522 1435 “

268 1497 405 1547 Mille
423 1500 537 1562 rapit
558 1514 782 1561 turmam,
808 1515 943 1565 atque
962 1500 1207 1548 hinnitibus
1228 1499 1332 1549 aera
1359 1499 1562 1548 flammat

134 1580 227 1614 210
260 1565 536 1615 Pulveream
556 1568 748 1616 volvens
770 1568 975 1635 Agragas
999 1568 1054 1616 ad
1073 1569 1222 1617 inania
1241 1570 1428 1616 nubem„

330 1634 505 1682 Ductor
528 1634 766 1698 Grosphus
787 1650 880 1683 erat
898 1675 911 1696 ‚
939 1636 1067 1699 cujus
1091 1636 1247 1684 caelata
1269 1637 1454 1701 gerebat

265 1699 475 1748 Taurum
489 1718 646 1763 parma
662 1716 837 1749 trucem
853 1741 863 1757 ,
886 1719 1029 1762 poenae
1051 1703 1333 1750 monimenta
1358 1699 1556 1751 vetustae.

269 1767 357 1814 Ille
375 1807 387 1828 ,
411 1769 491 1815 ubi
511 1783 697 1816 torreret
722 1768 924 1831 subjeffls
946 1785 1138 1830 corpora
1159 1767 1379 1829 flammis,

276 1834 487 1883 Mutabat
507 1835 702 1901 gemitus
723 1835 969 1901 mugitibus
991 1855 1004 1898 3
1031 1838 1218 1899 afiaque
1236 1852 1366 1883 veras

139 1914 164 1947 2
177 1913 228 1959 15
267 1900 468 1950 Credere
486 1916 581 1949 erat
599 1902 775 1949 stabulis
797 1916 997 1949 armenta
1018 1903 1251 1950 effundere
1271 1919 1427 1950 voces.

264 1968 407 2016 Haud
427 1969 614 2032 impune
637 1968 822 2033 quidem
842 1988 853 2017 ε
882 1987 990 2017 nam
1014 1968 1117 2018 dirae
1139 1969 1348 2018 conditor
1370 1968 1472 2018 artis

265 2035 367 2101 Ipse
389 2036 466 2084 suo
485 2037 686 2085 moriens
701 2036 916 2103 immugit
936 2036 1087 2085 flebile
1108 2051 1254 2087 tauro,

333 2102 500 2160 Venit,
517 2107 572 2152 ab
587 2121 720 2153 amne
739 2104 918 2153 trahens
935 2119 1104 2153 nomen
1120 2143 1134 2166 ,
1152 2103 1276 2152 C-ela
1290 2123 1303 2168 3
1319 2104 1445 2155 venit
1457 2103 1566 2158 Ha·2

468 2171 570 2219 laesa
593 2212 604 2232 ‚

267 2236 327 2286 Et
342 2277 353 2297 ,
382 2237 459 2302 qui
476 2239 680 2300 praes'enti
699 2240 922 2288 domitant
944 2238 1128 2303 periura
1147 2237 1291 2285 Palici

138 2322 231 2351 220
262 2305 448 2352 Pectora
474 2306 691 2369 supplicio
714 2347 725 2366 ‚
754 2306 1049 2370 Troianaque
1073 2305 1199 2357 venit
1219 2305 1379 2352 Acesta
1402 2324 1413 2353 z

271 2371 459 2435 Quique
487 2391 566 2435 per
590 2373 786 2422 AEtnaeos
810 2373 918 2421 Acis
943 2373 1056 2437 petit
1076 2390 1253 2436 aequora
1273 2372 1384 2419 fines
1400 2410 1414 2433 ‚

270 2435 331 2487 Et
351 2439 471 2486 dulci
491 2455 665 2505 gratam
691 2441 899 2489 Nereida
922 2439 1088 2503 perluit
1109 2438 1247 2488 unda.

268 2503 480 2553 AEmulus
501 2507 578 2554 ille
599 2523 677 2556 tuo
698 2509 953 2571 quondam,
978 2507 1286 2571 Polypheme,
1313 2503 1481 2566 calori,

269 2571 400 2619 Dum
423 2573 540 2641 fugit
561 2576 778 2640 agrestem
798 2575 987 2623 violenti
1008 2574 1196 2637 peRoris
1219 2573 1333 2620 iram
1352 2612 1363 2631 ,

139 2652 228 2701 225
266 2638 320 2684 In
342 2652 499 2688 tenue5
520 2641 787 2704 liquefactus
809 2661 944 2706 aquas
969 2641 1106 2690 evasit
1127 2647 1167 2689 &
1190 2641 1361 2688 hostem
1377 2675 1389 2696 ,

269 2703 329 2755 Et
349 2706 432 2760 tibi
455 2707 688 2762 victricem
705 2747 720 2775 ‚
744 2709 944 2761 Galatea
957 2749 971 2775 ,
992 2708 1241 2762 immiscuit
1259 2704 1445 2759 undam.
