1627 3056
470 148 1032 219 Lmssalx.
1379 163 1482 240 183

245 256 352 308 N'ec
377 256 474 307 satis
495 257 722 307 Ausonias
742 258 901 322 passim
923 258 1098 307 foedare
1119 255 1330 306 cohortes
1345 299 1359 320 ,

177 327 229 374 In
253 329 452 375 Martem
472 327 618 376 vomit
638 327 870 375 immixtas
893 325 1140 392 mugitibus
1163 343 1290 373 auras
1309 365 1322 386 ,

173 393 340 458 Bisque
364 393 456 442 Dei
482 393 678 442 summas
701 394 887 444 libravit
904 392 1083 443 turbine
1110 392 1274 442 cristas,

176 462 295 523 Quae
325 462 436 510 dum
455 462 692 511 Romuleis
708 477 892 510 exercet
911 460 1071 524 proelia
1090 458 1250 509 turmis

44 543 132 590 525
170 527 352 578 AEolius
372 530 500 577 furor
515 569 526 590 ‚
548 536 588 579 &
612 530 811 578 Martem
833 528 1069 578 succendit
1086 527 1131 576 in
1157 528 1272 594 iras;

174 596 360 645 Affatur
382 597 540 665 virgO,
566 596 687 646 socia
711 597 922 658 Junone,
951 611 1191 661 parentem
1215 617 1226 645 :

170 665 384 725 Quantos
410 664 646 714 Gradivus
670 665 827 714 flufius
850 666 895 713 in
919 663 1087 728 punica
1110 664 1249 712 castra

169 732 420 796 (Respice)
439 732 547 799 agit,
565 733 830 799 quantisque
846 733 1002 782 furens
1017 730 1061 779 se
1079 731 1274 780 caedibus
1291 730 1478 795 implet]

171 799 318 847 Nunc
337 800 484 865 quaeso
505 800 928 849 terrisdescendere
950 817 1043 848 non
1063 799 1215 860 placet
1234 800 1344 848 Irim
1363 814 1375 847 ?

33 877 132 932 530
171 868 455 933 Quanquam
478 886 566 935 ego
596 886 690 917 non
711 868 921 920 Teucros
943 868 1123 934 (nostro
1152 884 1262 916 cum
1285 868 1480 937 pignore

366 951 529 1001 regnet

166 1003 318 1051 Roma
333 1043 344 1062 ,
367 1009 408 1051 &
431 1003 635 1053 Palladio
657 1004 782 1053 sedes
803 1004 891 1053 hac
911 1004 1023 1052 urbe
1040 1002 1264 1066 locatim)

169 1070 283 1118 Non
304 1071 515 1119 Teucros
534 1072 686 1120 delere
707 1073 914 1132 aderam,
937 1070 1014 1119 sed
1033 1070 1195 1120 lumen
1217 1072 1413 1120 alumnae

163 1137 481 1186 Hannibalem
501 1139 661 1203 Libya:
681 1140 793 1202 pelli
812 1179 825 1201 ,
850 1138 1116 1187 florentibus
1136 1138 1264 1188 annis
1280 1178 1293 1199 ,

167 1205 276 1256 Vita
293 1245 305 1266 ‚
327 1221 463 1270 atque
487 1207 711 1275 exstingui
731 1206 981 1271 primordia
1000 1221 1125 1254 tanta
1146 1209 1391 1274 negabam.

33 1286 123 1337 535
229 1273 413 1337 Excipit
435 1271 513 1322 hic
539 1275 662 1327 Juno
683 1316 695 1337 ,
717 1275 938 1343 longique
958 1273 1127 1323 laboris
1149 1277 1204 1322 ab
1232 1274 1326 1335 ir53

163 1341 315 1388 Immo
331 1382 342 1401 ,
366 1341 426 1389 ait
444 1382 455 1402 ,
474 1356 522 1390 ut
543 1342 731 1390 noscant
754 1357 912 1410 gentes
927 1383 939 1403 ‚
959 1341 1180 1390 immania
1201 1341 1422 1407 quantum

161 1407 326 1474 Regna
349 1408 479 1461 Jovis
502 1411 711 1468 valeant,
733 1410 997 1473 cunffisque
1028 1411 1233 1473 potentia
1253 1409 1474 1476 quantum

161 1475 356 1524 Antistet
379 1478 550 1541 conjux
569 1477 752 1540 Superis
775 1492 877 1538 tua,
897 1477 1071 1525 discute
1093 1478 1186 1525 telo

158 1541 397 1610 Flagranti
424 1545 523 1612 (nil
549 1547 763 1607 oramus)
789 1544 1080 1611 Carthaginis
1105 1561 1259 1608 arce53

30 1626 121 1673 540
157 1611 486 1676 Sidoniamque
513 1612 660 1661 aciem
682 1613 804 1662 vasto
829 1613 1003 1661 telluris
1023 1611 1148 1660 hiatu

155 1678 388 1727 Tartareis
406 1681 632 1747 immerge
651 1680 801 1740 vadis,
822 1694 899 1728 aut
920 1683 1062 1728 obrue
1084 1694 1245 1743 ponto.

226 1749 400 1797 Contra
420 1767 518 1813 quae
543 1747 643 1795 miti
662 1748 905 1811 respondet
925 1746 1105 1810 Jupiter
1127 1766 1231 1796 ore:

154 1814 352 1864 Certatis
372 1816 501 1876 fatis,
524 1821 566 1864 &
589 1815 689 1880 spes
709 1815 948 1864 exten-ditis
970 1832 1125 1882 aegras,

157 1883 266 1943 Ine,
293 1901 317 1931 o
339 1898 442 1932 nata
461 1926 472 1944 ,
495 1884 643 1932 libens
663 1882 737 1931 cui
760 1884 847 1931 tela
871 1882 1058 1932 inimica
1080 1882 1263 1931 ferebas

17 1966 112 2013 ¹545
151 1950 419 1999 Contundet
439 1951 607 2015 Tyrios
626 1951 828 2013 iuvenis,
851 1968 903 1998 ac
925 1951 1114 1998 nomina
1135 1949 1281 2018 gentis

152 2019 340 2079 Induet,
366 2025 407 2067 3<
431 2020 661 2083 Libycam
685 2019 801 2067 feret
824 2018 870 2066 in
896 2018 1127 2081 Capitolia
1149 2020 1328 2065 laurum
1349 2036 1361 2068 :

75 2110 77 2112 ·
143 2085 235 2146 At,
254 2087 353 2147 cui,
372 2101 443 2148 tu,
464 2087 634 2151 conjux
652 2127 664 2148 ‚
691 2086 763 2134 cui
784 2086 859 2134 das
881 2085 1146 2150 animosque
1165 2124 1177 2146 ‚
1199 2084 1458 2150 decusque,

149 2153 299 2209 (Fata
320 2159 466 2214 cano)
492 2169 667 2202 avertet
687 2153 868 2217 populis
888 2153 1194 2201 Laurentibus
1215 2170 1358 2204 arma.

149 2220 261 2269 Nec
280 2223 420 2288 longe
443 2221 582 2271 cladis
603 2235 760 2269 metae:
783 2221 910 2270 venit
927 2220 1038 2269 hora
1053 2260 1065 2282 ,
1088 2220 1271 2284 diesque

18 2302 110 2352 55'0
147 2288 256 2351 Qua
277 2291 423 2337 nullas
446 2307 651 2352 unquam
675 2286 867 2338 tranfiffe
895 2287 1119 2351 optaverit
1141 2289 1306 2352 Alpes.

147 2357 224 2404 Sic
249 2356 341 2419 ait3
365 2371 500 2422 atque
528 2356 639 2404 Irim
667 2374 860 2420 propere
891 2355 1085 2405 demittit
1109 2355 1324 2420 Olympo
1341 2393 1354 2412 ,

151 2424 273 2487 Quae
296 2439 483 2473 revocet
506 2424 706 2472 Martem
723 2465 734 2486 ‚
757 2424 1000 2489 jubeatque
1021 2423 1266 2472 abscedere
1285 2421 1460 2492 pugnd.

146 2490 257 2538 Nec
281 2492 430 2540 vetitis
456 2493 645 2540 luftatus
669 2492 760 2541 abit
783 2491 1015 2541 Gradivus
1034 2491 1077 2539 in
1102 2492 1215 2540 altas

146 2558 273 2605 Cum
294 2559 483 2608 fremitu
505 2561 647 2608 nubes
661 2600 674 2621 ‚
697 2577 958 2625 quanquam
979 2559 1168 2624 lituique
1183 2599 1195 2620 ,
1217 2558 1465 2622 tubaeque;·

9 2639 37 2693 ξς
49 2639 104 2687 55
142 2624 444 2692 Vulneraque
458 2667 470 2689 ‚
486 2633 525 2676 &
545 2627 738 2696 sanguis,
757 2634 797 2676 ἃ
815 2628 1006 2689 clamor,
1023 2632 1064 2676 &
1085 2645 1210 2675 arma
1228 2626 1459 2688 juvarent,

208 2693 279 2744 Ut
297 2695 443 2762 patuit
464 2695 583 2747 liber
602 2695 832 2764 Superum
855 2698 1107 2747 certamine
1128 2693 1341 2757 tandem-9
