1627 3056
370 158 452 199 iit
507 153 876 197 'rexi-vm.
932 153 1056 198 Lm.
1112 153 1182 198 11.
1383 169 1432 212 ες

122 222 217 268 Nec
241 221 345 265 maie
370 224 412 264 in
432 238 465 264 c.
488 224 582 264 Col.
599 233 815 274 parentem.
834 223 1047 277 Ineptiunt
1069 224 1133 264 hic
1150 222 1339 275 Heynfii,
1363 227 1438 280 qui

123 282 269 320 volunt
288 289 526 329 paventem,
550 291 616 317 aut
643 289 869 329 paventum.
900 280 991 318 fuit
1011 279 1188 333 negleCm
1212 292 1309 318 nota
1338 280 1360 318 ἔ
1389 281 1433 320 in

124 333 223 374 edit.
253 334 389 374 Parm.
419 331 484 371 ubi
507 343 670 382 parente
699 348 711 371 .·
741 345 782 371 at
806 334 856 374 R.
882 345 905 372 2
923 364 932 380 ,
956 334 1135 384 parent?-
1157 334 1260 373 Non
1284 331 1437 374 disceffi‘

121 400 146 427 2
170 387 368 440 vulgatis,
398 401 486 439 quae
510 390 612 426 redte
640 386 760 434 stant,
790 399 832 426 ut
858 386 902 426 in
928 388 1052 429 Aldo.

177 449 267 480 620.
294 440 511 495 Perpeffics.
540 441 668 481 Dtak.
695 442 894 495 perpeffae.

179 501 271 534 626.
313 494 519 535 Tumores.
553 495 619 534 De
655 495 794 535 furore
816 527 826 542 ,
865 509 907 535 ut
948 494 1123 535 Homer.
1154 495 1205 536 11.
1237 493 1310 536 IX.
1337 501 1436 544 642·

120 546 267 601 virgil.
294 550 366 588 VI.
392 564 460 599 49.
481 551 578 589 Stat.
600 548 676 589 lx.
704 558 752 601 78
768 565 799 589 t.
825 550 919 589 Val.
940 550 1047 589 Flac.
1068 549 1141 589 VI.
1167 564 1205 591 2.
1230 549 1337 591 Vide
1361 550 1435 591 Sd.

124 602 152 643 l.
176 603 269 643 XII.
292 617 384 652 710.
403 625 433 634 -·
450 603 560 643 Male
585 603 744 644 timores
766 604 807 642 in
829 603 977 656 plurib.
1005 604 1196 658 antiquis.

184 664 279 703 636.
311 657 410 699 Vos.
437 657 550 698 Imit.
578 658 719 712 Virgil.
747 658 795 696 X.
820 665 913 704 690.

178 718 273 758 639.
294 710 424 753 Stare.
446 713 508 751 Sic
528 725 669 752 ornnes
689 713 860 766 antiqui.
878 711 967 751 Alii
996 715 1160 760 harere,
1181 711 1294 766 quod
1309 710 1434 753 etiam

123 768 240 805 tedie.
268 766 391 805 Dixit
415 768 594 806 Lucanus
613 770 787 816 harere,
812 767 838 807 1.
862 766 940 807 111.
965 781 1042 817 453
1062 799 1079 816 ,
1102 766 1155 808 de
1185 780 1235 807 eo
1259 766 1371 821 quod
1390 768 1435 806 in

120 820 224 859 Silio
241 819 352 870 stare
371 852 380 867 ‚
410 820 436 859 l.
465 820 574 860 XIV.
604 835 695 871 340.

182 880 276 924 645.
304 875 522 929 Quianam.
550 879 602 917 In
620 874 797 930 antiquis
826 874 1008 928 quoniam
1023 906 1041 924 ,
1065 876 1219 929 quinam
1235 906 1252 924 ,
1286 889 1399 928 quam
1416 904 1438 924 ,

125 941 307 980 quonam.

175 990 269 1032 647.
303 982 555 1024 Renovabat.
588 983 696 1024 Aliis
733 985 944 1025 revocabat
973 999 985 1023 .·
1015 987 1055 1024 &
1085 983 1183 1023 alibi
1219 997 1435 1032 revocare,

128 1051 316 1078 renovare
341 1038 425 1078 fere
441 1038 602 1091 singulis
619 1040 716 1078 locis
735 1039 961 1078 alternant:
981 1037 1030 1078 sic
1049 1039 1075 1077 1.
1101 1038 1176 1079 IV.
1199 1053 1258 1086 ις.
1280 1039 1306 1078 1.
1322 1038 1438 1089 XIV·

128 1106 221 1132 1¹2.
252 1092 318 1132 dic
349 1095 568 1133 renovabat
600 1097 640 1133 &
673 1094 935 1146 spectaculum
970 1097 1010 1133 &
1047 1092 1238 1134 dolorem
1264 1092 1436 1134 funeris.

122 1146 257 1187 Litem
284 1146 437 1187 dirimo
460 1160 482 1186 e
506 1147 683 1200 Virgilio
705 1149 930 1200 infizndum,
956 1146 1112 1201 Regina
1129 1179 1146 1196 ‚
1166 1152 1242 1188 &c.

179 1208 272 1248 652.
288 1201 480 1252 Imperet.
508 1201 572 1240 Sic
587 1215 730 1243 omnes
757 1202 892 1254 scripti
916 1204 969 1243 R.
993 1215 1032 1241 2.
1060 1200 1203 1242 Gloffa
1225 1215 1259 1242 c.
1284 1202 1337 1242 T.
1359 1201 1440 1242 im-

118 1270 260 1307 perare
298 1255 427 1304 velit,
458 1255 673 1296 confirmat
703 1257 935 1297 letTtionem.
968 1257 1077 1296 Male
1111 1267 1296 1308 temperet
1330 1256 1437 1296 aliis.
1463 1293 1468 1298 .

120 1311 256 1350 Voces
286 1321 531 1361 temperare,
555 1312 771 1362 imperare,
804 1310 1014 1362 impetrare
1045 1312 1143 1363 saepe
1171 1311 1439 1352 alternantia

122 1365 289 1417 scriptis.
311 1366 373 1405 Sic
401 1365 442 1403 in
471 1365 631 1404 Justino
659 1367 683 1405 l.
711 1366 832 1406 VIII.
857 1379 889 1404 c.
915 1383 959 1413 4.
985 1364 1149 1406 Gracia.-
1172 1364 1434 1418 imperantis,

122 1417 259 1458 innuit
284 1419 459 1472 gratiam
485 1419 760 1469 impetrantis,
786 1418 898 1472 quod
923 1433 1047 1459 nemo
1076 1420 1195 1461 vidit.

180 1481 271 1513 662.
296 1473 444 1514 Solita.
470 1474 594 1513 Κεᾶε
618 1474 829 1525 Heynfiusl.
855 1473 932 1513 Sed
958 1473 1068 1513 idem
1096 1475 1201 1516 male
1223 1474 1437 1526 hinespee-

120 1537 223 1567 tare.
256 1531 361 1568 Cum
390 1527 564 1580 antiquis
593 1533 632 1568 δε
662 1529 862 1568 Cicerone
886 1527 1124 1580 inspeffare,
1157 1529 1278 1570 tutius
1312 1530 1438 1582 legas.

126 1582 241 1624 Male
267 1582 396 1622 Drak.
418 1581 533 1634 soliti
549 1584 667 1636 βαθεῖ.

181 1645 274 1686 664.
299 1636 551 1689 chjolendet.
574 1635 748 1688 Antiqui
769 1636 900 1688 plures
932 1637 1150 1691 ingeniose
1170 1639 1271 1680 Stat.
1291 1636 1319 1679 l.
1339 1634 1439 1677 XII.

124 1704 164 1732 v.
196 1703 285 1740 270.
309 1708 335 1726 e<
357 1692 514 1743 Magna:
543 1691 720 1729 variabat
744 1691 923 1744 imagine
948 1690 1178 1732 flammaen.

184 1753 275 1784 668.
301 1746 480 1785 Arrec‘ia.
508 1744 571 1784 Sic
592 1758 622 1783 c.
649 1746 699 1783 T.
726 1745 839 1798 quod
858 1747 1060 1799 quaerebat
1087 1747 1214 1786 Drak-

182 1806 276 1850 674.
310 1798 468 1840 Poenas.
492 1799 602 1838 Male
627 1799 778 1850 Heyns.
810 1800 946 1840 innuit
968 1800 1109 1851 poenis.
1131 1800 1237 1841 Vide
1266 1797 1295 1840 1.
1321 1797 1440 1840 xm.
1492 1829 1496 1833 -

120 1867 216 1901 295.
243 1851 388 1905 Virgil.
409 1868 548 1905 poenas
571 1853 766 1904 reposcit,
795 1853 823 1894 l.
850 1852 908 1894 II.
943 1869 1034 1900 ¹39·

179 1915 271 1947 682.
301 1908 464 1948 obitas.
496 1908 554 1946 Ut
583 1908 695 1957 supra
721 1908 937 1959 570ssfil1'2'
962 1909 1080 1949 necis.

180 1967 273 2008 692.
299 1961 407 2001 Vide
429 1960 532 2001 Livi.
562 1961 671 1999 XXI.
696 1973 731 1999 c.
759 1973 834 2009 24,
867 1974 930 2009 25.

121 2069 139 2112 l
177 2029 271 2111 3405.
295 2015 444 2058 Manu.
465 2014 614 2070 Virgil.
637 2014 696 2056 11.
725 2029 819 2065 42⁸4.
841 2015 890 2056 X.
920 2024 1011 2063 830.
1038 2018 1079 2058 ὅ(
1103 2015 1174 2057 Sil.
1198 2015 1226 2057 l.
1246 2015 1319 2057 IV.
1341 2022 1438 2067 673.

139 2097 153 2112 .
218 2098 226 2110 .
251 2084 340 2119 303.
1441 2092 1445 2094 -

129 2197 432 2233 <m

410 2304 840 2365 LIBER
954 2307 1163 2366 ΙΙΙ.

196 2399 234 2429 r

124 2398 210 2493 W
238 2460 264 2490 E
280 2459 387 2492 RSU
417 2469 459 2503 4.
486 2452 660 2494 limina.
681 2454 808 2495 vetus
827 2467 930 2494 unus
956 2453 1088 2494 litora.
1116 2452 1216 2502 Quae
1242 2467 1328 2496 non
1346 2455 1441 2496 rar&

126 2505 331 2546 alternant
357 2505 400 2544 in
422 2508 586 2562 scriptis.
609 2508 674 2549 ΙΙ).
702 2508 850 2550 Gades.
876 2507 983 2550 Vide
1009 2507 1113 2550 Livi.
1131 2510 1155 2548 1.
1176 2509 1285 2549 XXI.
1310 2523 1342 2549 c.
1367 2523 1440 2550 21.

184 2567 222 2599 8.
251 2559 396 2613 Adyti.
423 2562 551 2612 Quod
577 2561 705 2618 vulgo
726 2562 940 2615 penetrale.
977 2564 1090 2603 Male
1115 2564 1242 2603 Drak.
1268 2563 1437 2617 Adytis,

128 2611 254 2656 Dixit
281 2629 321 2654 v.
354 2622 413 2655 18.
439 2620 489 2657 ab
519 2617 671 2672 origine
692 2618 799 2668 fimi.
821 2618 975 2659 Confer
995 2618 1022 2658 1.
1049 2617 1166 2660 XIII.
1190 2624 1254 2657 86.

196 2685 206 2708 1
226 2684 258 2708 1.
283 2668 405 2710 Laco·
422 2670 601 2713 Unicum
624 2672 702 2713 fuit
722 2685 862 2716 nemus
878 2673 923 2716 in
940 2672 1122 2730 Syrtibus
1135 2702 1150 2723 ,
1163 2672 1220 2717 ait,
1234 2671 1441 2719 Luaatius

129 2720 185 2775 ad
208 2722 307 2771 Stat.
330 2724 463 2771 Theb.
486 2726 604 2775 VHI.
629 2740 723 2776 ποι.
