<?xml version="1.0" encoding="UTF-8"?>
<!DOCTYPE html PUBLIC "-//W3C//DTD XHTML 1.0 Transitional//EN"
    "http://www.w3.org/TR/xhtml1/DTD/xhtml1-transitional.dtd">
<html xmlns="http://www.w3.org/1999/xhtml" xml:lang="en" lang="en">
 <head>
  <title>
</title>
<meta http-equiv="Content-Type" content="text/html;charset=utf-8" />
  <meta name='ocr-system' content='tesseract 3.04.00' />
  <meta name='ocr-capabilities' content='ocr_page ocr_carea ocr_par ocr_line ocrx_word'/>
</head>
<body>
  <div class='ocr_page' id='page_1' title='image "./csiliiitalicideb00sili_0045.png"; bbox 0 0 1653 3056; ppageno 0'>
   <div class='ocr_carea' id='block_1_1' title="bbox 53 519 144 572">
    <p class='ocr_par' dir='ltr' id='par_1_1' title="bbox 53 519 144 572">
     <span class='ocr_line' id='line_1_1' title="bbox 53 519 144 572; baseline -0.077 -1"><span class='ocrx_word' id='word_1_1' title='bbox 53 519 144 572; x_wconf 79' lang='lat'>345</span> 
     </span>
    </p>
   </div>
   <div class='ocr_carea' id='block_1_2' title="bbox 489 122 1494 212">
    <p class='ocr_par' dir='ltr' id='par_1_2' title="bbox 489 122 1494 212">
     <span class='ocr_line' id='line_1_2' title="bbox 489 122 1494 212; baseline -0.002 -16"><span class='ocrx_word' id='word_1_2' title='bbox 489 135 1025 196; x_wconf 65' lang='lat' dir='ltr'>L1122R11.</span> <span class='ocrx_word' id='word_1_3' title='bbox 1370 122 1494 212; x_wconf 20' lang='lat'>*31</span> 
     </span>
    </p>
   </div>
   <div class='ocr_carea' id='block_1_3' title="bbox 183 230 1317 367">
    <p class='ocr_par' dir='ltr' id='par_1_3' title="bbox 183 230 1317 367">
     <span class='ocr_line' id='line_1_3' title="bbox 183 230 1276 302; baseline -0.007 -15"><span class='ocrx_word' id='word_1_4' title='bbox 183 232 401 287; x_wconf 62' lang='lat' dir='ltr'>Evinetus</span> <span class='ocrx_word' id='word_1_5' title='bbox 429 230 636 299; x_wconf 82' lang='lat' dir='ltr'>palmas,</span> <span class='ocrx_word' id='word_1_6' title='bbox 659 236 801 302; x_wconf 83' lang='lat' dir='ltr'>vulgo</span> <span class='ocrx_word' id='word_1_7' title='bbox 829 233 1085 283; x_wconf 79' lang='lat' dir='ltr'><strong>traheretur</strong></span> <span class='ocrx_word' id='word_1_8' title='bbox 1109 244 1276 280; x_wconf 80' lang='lat' dir='ltr'>ovante</span> 
     </span>
     <span class='ocr_line' id='line_1_4' title="bbox 183 298 1317 367; baseline -0.005 -14"><span class='ocrx_word' id='word_1_9' title='bbox 183 304 396 354; x_wconf 79' lang='lat' dir='ltr'>Carceris</span> <span class='ocrx_word' id='word_1_10' title='bbox 419 303 465 351; x_wconf 90' lang='lat' dir='ltr'>in</span> <span class='ocrx_word' id='word_1_11' title='bbox 489 305 699 352; x_wconf 84' lang='lat' dir='ltr'>tenebras</span> <span class='ocrx_word' id='word_1_12' title='bbox 715 341 728 361; x_wconf 85' lang='lat'>‚</span> <span class='ocrx_word' id='word_1_13' title='bbox 753 302 853 365; x_wconf 88' lang='lat' dir='ltr'>spes</span> <span class='ocrx_word' id='word_1_14' title='bbox 872 341 884 363; x_wconf 90' lang='lat'>,</span> <span class='ocrx_word' id='word_1_15' title='bbox 909 306 951 350; x_wconf 87' lang='lat'>&amp;</span> <span class='ocrx_word' id='word_1_16' title='bbox 973 299 1144 349; x_wconf 85' lang='lat' dir='ltr'>fiducia</span> <span class='ocrx_word' id='word_1_17' title='bbox 1171 298 1317 367; x_wconf 82' lang='lat' dir='ltr'>gentis</span> 
     </span>
    </p>
   </div>
   <div class='ocr_carea' id='block_1_4' title="bbox 152 368 1290 438">
    <p class='ocr_par' dir='ltr' id='par_1_4' title="bbox 152 368 1290 438">
     <span class='ocr_line' id='line_1_5' title="bbox 152 368 1290 438; baseline -0.004 -18"><span class='ocrx_word' id='word_1_18' title='bbox 152 382 155 383; x_wconf 72' lang='grc'>’</span> <span class='ocrx_word' id='word_1_19' title='bbox 183 371 392 438; x_wconf 78' lang='lat' dir='ltr'>Regulus</span> <span class='ocrx_word' id='word_1_20' title='bbox 419 370 661 419; x_wconf 65' lang='lat' dir='ltr'>Hestoreae</span> <span class='ocrx_word' id='word_1_21' title='bbox 686 410 698 430; x_wconf 92' lang='lat'>,</span> <span class='ocrx_word' id='word_1_22' title='bbox 727 387 873 433; x_wconf 90' lang='lat' dir='ltr'>quum</span> <span class='ocrx_word' id='word_1_23' title='bbox 894 370 1060 416; x_wconf 82' lang='lat' dir='ltr'>robore</span> <span class='ocrx_word' id='word_1_24' title='bbox 1085 368 1290 432; x_wconf 79' lang='lat' dir='ltr'>pendens</span> 
     </span>
    </p>
   </div>
   <div class='ocr_carea' id='block_1_5' title="bbox 154 433 1366 839">
    <p class='ocr_par' dir='ltr' id='par_1_5' title="bbox 181 433 1318 567">
     <span class='ocr_line' id='line_1_6' title="bbox 181 433 1318 502; baseline -0.003 -15"><span class='ocrx_word' id='word_1_25' title='bbox 181 438 458 502; x_wconf 81' lang='lat' dir='ltr'>Hesperiam</span> <span class='ocrx_word' id='word_1_26' title='bbox 488 455 626 486; x_wconf 86' lang='lat' dir='ltr'>cruce</span> <span class='ocrx_word' id='word_1_27' title='bbox 655 436 854 485; x_wconf 90' lang='lat' dir='ltr'>sublimis</span> <span class='ocrx_word' id='word_1_28' title='bbox 877 435 1097 500; x_wconf 67' lang='lat' dir='ltr'>spectaret</span> <span class='ocrx_word' id='word_1_29' title='bbox 1126 437 1182 483; x_wconf 89' lang='lat' dir='ltr'>ab</span> <span class='ocrx_word' id='word_1_30' title='bbox 1210 433 1318 484; x_wconf 63' lang='lat' dir='ltr'>altd.</span> 
     </span>
     <span class='ocr_line' id='line_1_7' title="bbox 184 503 1171 567; baseline -0.007 -11"><span class='ocrx_word' id='word_1_31' title='bbox 184 508 232 556; x_wconf 91' lang='lat' dir='ltr'>N</span> <span class='ocrx_word' id='word_1_32' title='bbox 237 523 292 556; x_wconf 87' lang='lat' dir='ltr'>ec</span> <span class='ocrx_word' id='word_1_33' title='bbox 318 505 430 555; x_wconf 75' lang='lat' dir='ltr'>vero</span> <span class='ocrx_word' id='word_1_34' title='bbox 458 519 627 554; x_wconf 84' lang='lat' dir='ltr'>terrent</span> <span class='ocrx_word' id='word_1_35' title='bbox 651 504 840 566; x_wconf 81' lang='lat' dir='ltr'>puerilia</span> <span class='ocrx_word' id='word_1_36' title='bbox 863 503 1066 567; x_wconf 86' lang='lat' dir='ltr'>protinus</span> <span class='ocrx_word' id='word_1_37' title='bbox 1091 520 1171 550; x_wconf 83' lang='lat' dir='ltr'>ora</span> 
     </span>
    </p>

    <p class='ocr_par' dir='ltr' id='par_1_6' title="bbox 154 568 1366 839">
     <span class='ocr_line' id='line_1_8' title="bbox 182 568 1334 640; baseline -0.002 -18"><span class='ocrx_word' id='word_1_38' title='bbox 182 573 278 622; x_wconf 86' lang='lat' dir='ltr'>Sub</span> <span class='ocrx_word' id='word_1_39' title='bbox 302 571 433 640; x_wconf 56' lang='lat' dir='ltr'>galeti</span> <span class='ocrx_word' id='word_1_40' title='bbox 450 578 527 634; x_wconf 59' lang='grc' dir='ltr'>,ἃ</span> <span class='ocrx_word' id='word_1_41' title='bbox 549 571 703 636; x_wconf 76' lang='lat' dir='ltr'>pressae</span> <span class='ocrx_word' id='word_1_42' title='bbox 730 571 973 636; x_wconf 62' lang='lat' dir='ltr'>properata</span> <span class='ocrx_word' id='word_1_43' title='bbox 998 568 1162 619; x_wconf 83' lang='lat' dir='ltr'>caffide</span> <span class='ocrx_word' id='word_1_44' title='bbox 1184 568 1334 620; x_wconf 69' lang='lat' dir='ltr'>malae.</span> 
     </span>
     <span class='ocr_line' id='line_1_9' title="bbox 182 637 1342 707; baseline -0.006 -17"><span class='ocrx_word' id='word_1_45' title='bbox 182 641 347 690; x_wconf 84' lang='lat' dir='ltr'>Indole</span> <span class='ocrx_word' id='word_1_46' title='bbox 374 657 468 689; x_wconf 92' lang='lat' dir='ltr'>non</span> <span class='ocrx_word' id='word_1_47' title='bbox 495 638 611 689; x_wconf 73' lang='lat' dir='ltr'>adeo</span> <span class='ocrx_word' id='word_1_48' title='bbox 641 639 766 707; x_wconf 86' lang='lat' dir='ltr'>segni</span> <span class='ocrx_word' id='word_1_49' title='bbox 793 638 946 687; x_wconf 88' lang='lat' dir='ltr'>sumus</span> <span class='ocrx_word' id='word_1_50' title='bbox 971 658 982 686; x_wconf 72' lang='lat' dir='ltr'>t</span> <span class='ocrx_word' id='word_1_51' title='bbox 1010 637 1159 700; x_wconf 90' lang='lat' dir='ltr'>aspice</span> <span class='ocrx_word' id='word_1_52' title='bbox 1181 652 1342 684; x_wconf 82' lang='lat' dir='ltr'>turmae</span> 
     </span>
     <span class='ocr_line' id='line_1_10' title="bbox 154 705 1314 773; baseline -0.004 -17"><span class='ocrx_word' id='word_1_53' title='bbox 154 722 157 723; x_wconf 71' lang='grc'>’</span> <span class='ocrx_word' id='word_1_54' title='bbox 182 709 316 772; x_wconf 86' lang='lat' dir='ltr'>Quot</span> <span class='ocrx_word' id='word_1_55' title='bbox 342 708 529 773; x_wconf 80' lang='lat' dir='ltr'>Libycae</span> <span class='ocrx_word' id='word_1_56' title='bbox 556 723 731 756; x_wconf 84' lang='lat' dir='ltr'>certant</span> <span class='ocrx_word' id='word_1_57' title='bbox 757 725 899 754; x_wconf 84' lang='lat' dir='ltr'>annos</span> <span class='ocrx_word' id='word_1_58' title='bbox 922 705 1095 754; x_wconf 88' lang='lat' dir='ltr'>anteire</span> <span class='ocrx_word' id='word_1_59' title='bbox 1120 705 1278 752; x_wconf 77' lang='lat' dir='ltr'>labore</span> <span class='ocrx_word' id='word_1_60' title='bbox 1299 722 1314 763; x_wconf 80' lang='lat'><em>3</em></span> 
     </span>
     <span class='ocr_line' id='line_1_11' title="bbox 185 771 1366 839; baseline -0.006 -14"><span class='ocrx_word' id='word_1_61' title='bbox 185 778 246 826; x_wconf 86' lang='lat' dir='ltr'>Et</span> <span class='ocrx_word' id='word_1_62' title='bbox 269 774 399 823; x_wconf 76' lang='lat' dir='ltr'>nudis</span> <span class='ocrx_word' id='word_1_63' title='bbox 419 775 651 824; x_wconf 86' lang='lat' dir='ltr'>bellantur</span> <span class='ocrx_word' id='word_1_64' title='bbox 674 774 814 839; x_wconf 86' lang='lat' dir='ltr'>equis.</span> <span class='ocrx_word' id='word_1_65' title='bbox 841 773 943 837; x_wconf 83' lang='lat' dir='ltr'>Ipse</span> <span class='ocrx_word' id='word_1_66' title='bbox 961 809 976 831; x_wconf 92' lang='lat'><em>,</em></span> <span class='ocrx_word' id='word_1_67' title='bbox 1005 771 1186 835; x_wconf 80' lang='lat' dir='ltr'>aspice,</span> <span class='ocrx_word' id='word_1_68' title='bbox 1207 771 1366 818; x_wconf 63' lang='lat' dir='ltr'>duRor</span> 
     </span>
    </p>
   </div>
   <div class='ocr_carea' id='block_1_6' title="bbox 57 840 1414 907">
    <p class='ocr_par' dir='ltr' id='par_1_7' title="bbox 57 840 1414 907">
     <span class='ocr_line' id='line_1_12' title="bbox 57 840 1414 907; baseline -0.007 -14"><span class='ocrx_word' id='word_1_69' title='bbox 57 858 81 905; x_wconf 81' lang='lat'>3</span> <span class='ocrx_word' id='word_1_70' title='bbox 96 858 152 904; x_wconf 83' lang='lat'>50</span> <span class='ocrx_word' id='word_1_71' title='bbox 188 844 353 907; x_wconf 84' lang='lat' dir='ltr'>Quum</span> <span class='ocrx_word' id='word_1_72' title='bbox 374 843 571 905; x_wconf 81' lang='lat' dir='ltr'>primam</span> <span class='ocrx_word' id='word_1_73' title='bbox 591 856 748 890; x_wconf 89' lang='lat' dir='ltr'>tenero</span> <span class='ocrx_word' id='word_1_74' title='bbox 776 858 946 890; x_wconf 89' lang='lat' dir='ltr'>vocem</span> <span class='ocrx_word' id='word_1_75' title='bbox 971 840 1198 903; x_wconf 89' lang='lat' dir='ltr'>proferret</span> <span class='ocrx_word' id='word_1_76' title='bbox 1220 840 1277 886; x_wconf 90' lang='lat' dir='ltr'>ab</span> <span class='ocrx_word' id='word_1_77' title='bbox 1307 855 1384 885; x_wconf 89' lang='lat' dir='ltr'>ore</span> <span class='ocrx_word' id='word_1_78' title='bbox 1401 876 1414 897; x_wconf 91' lang='lat'>,</span> 
     </span>
    </p>
   </div>
   <div class='ocr_carea' id='block_1_7' title="bbox 57 1196 145 1247">
    <p class='ocr_par' dir='ltr' id='par_1_8' title="bbox 57 1196 145 1247">
     <span class='ocr_line' id='line_1_13' title="bbox 57 1196 145 1247; baseline 0 -7"><span class='ocrx_word' id='word_1_79' title='bbox 57 1196 145 1247; x_wconf 75' lang='lat'>355</span> 
     </span>
    </p>
   </div>
   <div class='ocr_carea' id='block_1_8' title="bbox 51 1522 144 1580">
    <p class='ocr_par' dir='ltr' id='par_1_9' title="bbox 51 1522 144 1580">
     <span class='ocr_line' id='line_1_14' title="bbox 51 1522 144 1580; baseline -0.011 -18"><span class='ocrx_word' id='word_1_80' title='bbox 51 1522 144 1580; x_wconf 85' lang='lat'>360</span> 
     </span>
    </p>
   </div>
   <div class='ocr_carea' id='block_1_9' title="bbox 51 2195 144 2245">
    <p class='ocr_par' dir='ltr' id='par_1_10' title="bbox 51 2195 144 2245">
     <span class='ocr_line' id='line_1_15' title="bbox 51 2195 144 2245; baseline 0 0"><span class='ocrx_word' id='word_1_81' title='bbox 51 2195 144 2245; x_wconf 82' lang='lat'>370</span> 
     </span>
    </p>
   </div>
   <div class='ocr_carea' id='block_1_10' title="bbox 52 2528 140 2579">
    <p class='ocr_par' dir='ltr' id='par_1_11' title="bbox 52 2528 140 2579">
     <span class='ocr_line' id='line_1_16' title="bbox 52 2528 140 2579; baseline 0.034 -8"><span class='ocrx_word' id='word_1_82' title='bbox 52 2528 140 2579; x_wconf 81' lang='lat'>375</span> 
     </span>
    </p>
   </div>
   <div class='ocr_carea' id='block_1_11' title="bbox 180 907 1606 1850">
    <p class='ocr_par' dir='ltr' id='par_1_12' title="bbox 184 907 1394 972">
     <span class='ocr_line' id='line_1_17' title="bbox 184 907 1394 972; baseline -0.006 -14"><span class='ocrx_word' id='word_1_83' title='bbox 184 909 294 962; x_wconf 84' lang='lat' dir='ltr'>Jam</span> <span class='ocrx_word' id='word_1_84' title='bbox 322 911 469 970; x_wconf 84' lang='lat' dir='ltr'>bella,</span> <span class='ocrx_word' id='word_1_85' title='bbox 497 915 539 958; x_wconf 70' lang='grc' dir='ltr'>δε</span> <span class='ocrx_word' id='word_1_86' title='bbox 565 909 724 970; x_wconf 79' lang='lat' dir='ltr'>lituos,</span> <span class='ocrx_word' id='word_1_87' title='bbox 750 926 804 957; x_wconf 91' lang='lat' dir='ltr'>ac</span> <span class='ocrx_word' id='word_1_88' title='bbox 827 907 1023 956; x_wconf 84' lang='lat' dir='ltr'>flammis</span> <span class='ocrx_word' id='word_1_89' title='bbox 1045 925 1175 955; x_wconf 87' lang='lat' dir='ltr'>urere</span> <span class='ocrx_word' id='word_1_90' title='bbox 1204 919 1394 972; x_wconf 82' lang='lat' dir='ltr'>gentem</span> 
     </span>
    </p>

    <p class='ocr_par' dir='ltr' id='par_1_13' title="bbox 180 971 1503 1177">
     <span class='ocr_line' id='line_1_18' title="bbox 180 971 1503 1044; baseline -0.005 -19"><span class='ocrx_word' id='word_1_91' title='bbox 180 977 209 1030; x_wconf 87' lang='lat' dir='ltr'>J</span> <span class='ocrx_word' id='word_1_92' title='bbox 214 976 646 1044; x_wconf 78' lang='lat' dir='ltr'>urabatPhrygiam‚</span> <span class='ocrx_word' id='word_1_93' title='bbox 659 991 793 1041; x_wconf 82' lang='lat' dir='ltr'>atque</span> <span class='ocrx_word' id='word_1_94' title='bbox 806 975 958 1023; x_wconf 88' lang='lat' dir='ltr'>animo</span> <span class='ocrx_word' id='word_1_95' title='bbox 972 974 1116 1038; x_wconf 85' lang='lat' dir='ltr'>patria</span> <span class='ocrx_word' id='word_1_96' title='bbox 1127 991 1254 1022; x_wconf 86' lang='lat' dir='ltr'>arma</span> <span class='ocrx_word' id='word_1_97' title='bbox 1264 971 1503 1020; x_wconf 86' lang='lat' dir='ltr'>movebat.</span> 
     </span>
     <span class='ocr_line' id='line_1_19' title="bbox 183 1040 1401 1107; baseline -0.004 -15"><span class='ocrx_word' id='word_1_98' title='bbox 183 1042 382 1092; x_wconf 80' lang='lat' dir='ltr'>Proinde</span> <span class='ocrx_word' id='word_1_99' title='bbox 407 1044 515 1106; x_wconf 91' lang='lat' dir='ltr'>polo</span> <span class='ocrx_word' id='word_1_100' title='bbox 540 1045 745 1093; x_wconf 80' lang='lat' dir='ltr'>crescant</span> <span class='ocrx_word' id='word_1_101' title='bbox 765 1042 934 1107; x_wconf 87' lang='lat' dir='ltr'>Alpes,</span> <span class='ocrx_word' id='word_1_102' title='bbox 960 1041 1164 1106; x_wconf 76' lang='lat' dir='ltr'>altusque</span> <span class='ocrx_word' id='word_1_103' title='bbox 1189 1040 1401 1088; x_wconf 84' lang='lat' dir='ltr'>coruscos</span> 
     </span>
     <span class='ocr_line' id='line_1_20' title="bbox 185 1107 1396 1177; baseline -0.004 -17"><span class='ocrx_word' id='word_1_104' title='bbox 185 1109 459 1171; x_wconf 78' lang='lat' dir='ltr'>Apenninus</span> <span class='ocrx_word' id='word_1_105' title='bbox 483 1127 589 1177; x_wconf 81' lang='lat' dir='ltr'>agat</span> <span class='ocrx_word' id='word_1_106' title='bbox 613 1111 824 1173; x_wconf 82' lang='lat' dir='ltr'>scopulos</span> <span class='ocrx_word' id='word_1_107' title='bbox 850 1130 860 1158; x_wconf 74' lang='grc' dir='ltr'><em>τ</em></span> <span class='ocrx_word' id='word_1_108' title='bbox 888 1128 970 1173; x_wconf 87' lang='lat' dir='ltr'>per</span> <span class='ocrx_word' id='word_1_109' title='bbox 992 1110 1094 1158; x_wconf 80' lang='lat' dir='ltr'>saxa</span> <span class='ocrx_word' id='word_1_110' title='bbox 1111 1150 1122 1170; x_wconf 93' lang='lat'>‚</span> <span class='ocrx_word' id='word_1_111' title='bbox 1148 1107 1396 1172; x_wconf 79' lang='lat' dir='ltr'>nivesque,</span> 
     </span>
    </p>

    <p class='ocr_par' dir='ltr' id='par_1_14' title="bbox 186 1167 1606 1374">
     <span class='ocr_line' id='line_1_21' title="bbox 186 1167 1606 1238; baseline -0.006 -11"><span class='ocrx_word' id='word_1_112' title='bbox 186 1184 202 1238; x_wconf 89' lang='lat'>(</span> <span class='ocrx_word' id='word_1_113' title='bbox 223 1178 396 1227; x_wconf 82' lang='lat' dir='ltr'>Dicam</span> <span class='ocrx_word' id='word_1_114' title='bbox 413 1178 584 1226; x_wconf 86' lang='lat' dir='ltr'>etenim</span> <span class='ocrx_word' id='word_1_115' title='bbox 597 1218 609 1237; x_wconf 89' lang='lat'>,</span> <span class='ocrx_word' id='word_1_116' title='bbox 626 1193 676 1226; x_wconf 89' lang='lat' dir='ltr'>ut</span> <span class='ocrx_word' id='word_1_117' title='bbox 694 1177 921 1227; x_wconf 75' lang='lat' dir='ltr'>stimulent</span> <span class='ocrx_word' id='word_1_118' title='bbox 940 1192 1082 1226; x_wconf 86' lang='lat' dir='ltr'>atram</span> <span class='ocrx_word' id='word_1_119' title='bbox 1098 1177 1175 1225; x_wconf 83' lang='lat' dir='ltr'>vel</span> <span class='ocrx_word' id='word_1_120' title='bbox 1192 1175 1343 1223; x_wconf 84' lang='lat' dir='ltr'>inania</span> <span class='ocrx_word' id='word_1_121' title='bbox 1363 1167 1606 1227; x_wconf 87' lang='lat' dir='ltr'>mentem)</span> 
     </span>
     <span class='ocr_line' id='line_1_22' title="bbox 187 1241 1503 1309; baseline -0.004 -15"><span class='ocrx_word' id='word_1_122' title='bbox 187 1245 276 1294; x_wconf 81' lang='lat' dir='ltr'>Per</span> <span class='ocrx_word' id='word_1_123' title='bbox 298 1245 470 1292; x_wconf 83' lang='lat' dir='ltr'>coelum</span> <span class='ocrx_word' id='word_1_124' title='bbox 490 1244 550 1293; x_wconf 85' lang='lat' dir='ltr'>est</span> <span class='ocrx_word' id='word_1_125' title='bbox 572 1245 649 1309; x_wconf 87' lang='lat' dir='ltr'>qui</span> <span class='ocrx_word' id='word_1_126' title='bbox 669 1245 838 1309; x_wconf 68' lang='lat' dir='ltr'>pandat</span> <span class='ocrx_word' id='word_1_127' title='bbox 857 1244 939 1292; x_wconf 86' lang='lat' dir='ltr'>iter</span> <span class='ocrx_word' id='word_1_128' title='bbox 962 1265 972 1291; x_wconf 77' lang='lat' dir='ltr'>e</span> <span class='ocrx_word' id='word_1_129' title='bbox 997 1244 1139 1307; x_wconf 87' lang='lat' dir='ltr'>pudet</span> <span class='ocrx_word' id='word_1_130' title='bbox 1159 1242 1365 1292; x_wconf 83' lang='lat' dir='ltr'>Hercule</span> <span class='ocrx_word' id='word_1_131' title='bbox 1380 1241 1503 1292; x_wconf 78' lang='lat' dir='ltr'>tritas</span> 
     </span>
     <span class='ocr_line' id='line_1_23' title="bbox 187 1310 1380 1374; baseline 0.001 -15"><span class='ocrx_word' id='word_1_132' title='bbox 187 1311 447 1374; x_wconf 71' lang='lat' dir='ltr'>Desperare</span> <span class='ocrx_word' id='word_1_133' title='bbox 472 1312 568 1361; x_wconf 82' lang='lat' dir='ltr'>vias</span> <span class='ocrx_word' id='word_1_134' title='bbox 584 1351 596 1372; x_wconf 88' lang='lat'>,</span> <span class='ocrx_word' id='word_1_135' title='bbox 621 1312 896 1374; x_wconf 82' lang='lat' dir='ltr'>lau-:lemque</span> <span class='ocrx_word' id='word_1_136' title='bbox 923 1311 1086 1359; x_wconf 87' lang='lat' dir='ltr'>timere</span> <span class='ocrx_word' id='word_1_137' title='bbox 1113 1310 1380 1360; x_wconf 83' lang='lat' dir='ltr'>secundam.</span> 
     </span>
    </p>

    <p class='ocr_par' dir='ltr' id='par_1_15' title="bbox 189 1377 1262 1441">
     <span class='ocr_line' id='line_1_24' title="bbox 189 1377 1262 1441; baseline -0.002 -14"><span class='ocrx_word' id='word_1_138' title='bbox 189 1378 280 1427; x_wconf 85' lang='lat' dir='ltr'>Sed</span> <span class='ocrx_word' id='word_1_139' title='bbox 307 1377 461 1441; x_wconf 68' lang='lat' dir='ltr'>Libyae</span> <span class='ocrx_word' id='word_1_140' title='bbox 489 1377 666 1439; x_wconf 78' lang='lat' dir='ltr'>clades,</span> <span class='ocrx_word' id='word_1_141' title='bbox 691 1384 733 1427; x_wconf 69' lang='grc' dir='ltr'>δε</span> <span class='ocrx_word' id='word_1_142' title='bbox 761 1377 897 1440; x_wconf 82' lang='lat' dir='ltr'>primi</span> <span class='ocrx_word' id='word_1_143' title='bbox 918 1377 1129 1426; x_wconf 87' lang='lat' dir='ltr'>incendia</span> <span class='ocrx_word' id='word_1_144' title='bbox 1151 1377 1262 1425; x_wconf 89' lang='lat' dir='ltr'>belli</span> 
     </span>
    </p>

    <p class='ocr_par' dir='ltr' id='par_1_16' title="bbox 187 1444 1335 1511">
     <span class='ocr_line' id='line_1_25' title="bbox 187 1444 1335 1511; baseline -0.001 -18"><span class='ocrx_word' id='word_1_145' title='bbox 187 1445 395 1511; x_wconf 80' lang='lat' dir='ltr'>Aggerat</span> <span class='ocrx_word' id='word_1_146' title='bbox 414 1482 426 1504; x_wconf 89' lang='lat'>,</span> <span class='ocrx_word' id='word_1_147' title='bbox 449 1458 584 1508; x_wconf 79' lang='lat' dir='ltr'>atque</span> <span class='ocrx_word' id='word_1_148' title='bbox 612 1444 778 1493; x_wconf 78' lang='lat' dir='ltr'>iterum</span> <span class='ocrx_word' id='word_1_149' title='bbox 813 1462 894 1507; x_wconf 84' lang='lat' dir='ltr'>pro</span> <span class='ocrx_word' id='word_1_150' title='bbox 921 1444 1129 1492; x_wconf 85' lang='lat' dir='ltr'>libertate</span> <span class='ocrx_word' id='word_1_151' title='bbox 1155 1446 1335 1492; x_wconf 88' lang='lat' dir='ltr'>labores</span> 
     </span>
    </p>

    <p class='ocr_par' dir='ltr' id='par_1_17' title="bbox 180 1510 1603 1850">
     <span class='ocr_line' id='line_1_26' title="bbox 180 1510 1301 1567; baseline -0.002 -7"><span class='ocrx_word' id='word_1_152' title='bbox 180 1510 389 1560; x_wconf 80' lang='lat' dir='ltr'>Hannon</span> <span class='ocrx_word' id='word_1_153' title='bbox 412 1510 532 1558; x_wconf 87' lang='lat' dir='ltr'>ferre</span> <span class='ocrx_word' id='word_1_154' title='bbox 552 1525 690 1560; x_wconf 77' lang='lat' dir='ltr'>vetat.</span> <span class='ocrx_word' id='word_1_155' title='bbox 709 1511 856 1559; x_wconf 86' lang='lat' dir='ltr'>Ponat</span> <span class='ocrx_word' id='word_1_156' title='bbox 875 1510 1129 1560; x_wconf 81' lang='lat' dir='ltr'>formidinis</span> <span class='ocrx_word' id='word_1_157' title='bbox 1153 1512 1277 1559; x_wconf 77' lang='lat' dir='ltr'>aestus</span> <span class='ocrx_word' id='word_1_158' title='bbox 1291 1549 1301 1567; x_wconf 86' lang='lat'>,</span> 
     </span>
     <span class='ocr_line' id='line_1_27' title="bbox 182 1575 1299 1640; baseline 0.001 -14"><span class='ocrx_word' id='word_1_159' title='bbox 182 1575 523 1640; x_wconf 78' lang='lat' dir='ltr'>Parietibusque</span> <span class='ocrx_word' id='word_1_160' title='bbox 544 1577 706 1626; x_wconf 61' lang='lat' dir='ltr'>domfis</span> <span class='ocrx_word' id='word_1_161' title='bbox 729 1578 928 1627; x_wconf 80' lang='lat' dir='ltr'>imbellis</span> <span class='ocrx_word' id='word_1_162' title='bbox 950 1579 1125 1627; x_wconf 85' lang='lat' dir='ltr'>femina</span> <span class='ocrx_word' id='word_1_163' title='bbox 1152 1578 1299 1627; x_wconf 89' lang='lat' dir='ltr'>servet</span> 
     </span>
     <span class='ocr_line' id='line_1_28' title="bbox 184 1643 1603 1709; baseline 0.002 -17"><span class='ocrx_word' id='word_1_164' title='bbox 184 1643 527 1704; x_wconf 55' lang='lat' dir='ltr'>singultantem</span> <span class='ocrx_word' id='word_1_165' title='bbox 549 1644 765 1693; x_wconf 84' lang='lat' dir='ltr'>animam.</span> <span class='ocrx_word' id='word_1_166' title='bbox 784 1645 909 1706; x_wconf 81' lang='lat' dir='ltr'>Nos,</span> <span class='ocrx_word' id='word_1_167' title='bbox 931 1664 1012 1694; x_wconf 88' lang='lat' dir='ltr'>nos</span> <span class='ocrx_word' id='word_1_168' title='bbox 1032 1661 1190 1695; x_wconf 79' lang='lat' dir='ltr'>contra</span> <span class='ocrx_word' id='word_1_169' title='bbox 1209 1645 1374 1695; x_wconf 85' lang='lat' dir='ltr'>ibimus</span> <span class='ocrx_word' id='word_1_170' title='bbox 1396 1645 1569 1695; x_wconf 77' lang='lat' dir='ltr'>hostem</span> <span class='ocrx_word' id='word_1_171' title='bbox 1589 1684 1603 1709; x_wconf 66' lang='lat'><strong><em>³</em></strong></span> 
     </span>
     <span class='ocr_line' id='line_1_29' title="bbox 183 1709 1526 1779; baseline 0.004 -22"><span class='ocrx_word' id='word_1_172' title='bbox 183 1709 304 1772; x_wconf 75' lang='lat' dir='ltr'>Quis</span> <span class='ocrx_word' id='word_1_173' title='bbox 330 1711 494 1772; x_wconf 84' lang='lat' dir='ltr'>procul</span> <span class='ocrx_word' id='word_1_174' title='bbox 516 1728 541 1759; x_wconf 89' lang='lat' dir='ltr'>a</span> <span class='ocrx_word' id='word_1_175' title='bbox 561 1711 708 1775; x_wconf 56' lang='lat' dir='ltr'>Tyria</span> <span class='ocrx_word' id='word_1_176' title='bbox 735 1713 944 1761; x_wconf 85' lang='lat' dir='ltr'>dominos</span> <span class='ocrx_word' id='word_1_177' title='bbox 970 1714 1201 1776; x_wconf 83' lang='lat' dir='ltr'>depellere</span> <span class='ocrx_word' id='word_1_178' title='bbox 1226 1713 1363 1779; x_wconf 69' lang='lat' dir='ltr'>Byrsz&#39;i</span> <span class='ocrx_word' id='word_1_179' title='bbox 1386 1756 1397 1775; x_wconf 85' lang='lat'>‚</span> <span class='ocrx_word' id='word_1_180' title='bbox 1521 1723 1526 1727; x_wconf 86' lang='grc'><strong>”</strong></span> 
     </span>
     <span class='ocr_line' id='line_1_30' title="bbox 185 1775 1497 1850; baseline 0.006 -26"><span class='ocrx_word' id='word_1_181' title='bbox 185 1777 279 1827; x_wconf 86' lang='lat' dir='ltr'>Vel</span> <span class='ocrx_word' id='word_1_182' title='bbox 301 1775 421 1829; x_wconf 83' lang='lat' dir='ltr'>Jove</span> <span class='ocrx_word' id='word_1_183' title='bbox 442 1796 533 1826; x_wconf 90' lang='lat' dir='ltr'>non</span> <span class='ocrx_word' id='word_1_184' title='bbox 558 1797 686 1844; x_wconf 69' lang='lat' dir='ltr'>:equo</span> <span class='ocrx_word' id='word_1_185' title='bbox 704 1820 714 1839; x_wconf 91' lang='lat'><strong>‚</strong></span> <span class='ocrx_word' id='word_1_186' title='bbox 735 1780 880 1828; x_wconf 60' lang='lat' dir='ltr'>fixum</span> <span class='ocrx_word' id='word_1_187' title='bbox 904 1782 962 1828; x_wconf 81' lang='lat' dir='ltr'>est</span> <span class='ocrx_word' id='word_1_188' title='bbox 985 1801 994 1830; x_wconf 76' lang='grc' dir='ltr'><strong><em>ε</em></strong></span> <span class='ocrx_word' id='word_1_189' title='bbox 1021 1781 1082 1829; x_wconf 86' lang='lat' dir='ltr'>sin</span> <span class='ocrx_word' id='word_1_190' title='bbox 1104 1780 1196 1830; x_wconf 82' lang='lat' dir='ltr'>fata</span> <span class='ocrx_word' id='word_1_191' title='bbox 1213 1797 1497 1850; x_wconf 76' lang='lat' dir='ltr'>repugnent,</span> 
     </span>
    </p>
   </div>
   <div class='ocr_carea' id='block_1_12' title="bbox 125 1843 1298 1914">
    <p class='ocr_par' dir='ltr' id='par_1_18' title="bbox 125 1843 1298 1914">
     <span class='ocr_line' id='line_1_31' title="bbox 125 1843 1298 1914; baseline 0.004 -21"><span class='ocrx_word' id='word_1_192' title='bbox 125 1863 141 1874; x_wconf 84' lang='grc'><em>·</em></span> <span class='ocrx_word' id='word_1_193' title='bbox 181 1843 242 1893; x_wconf 89' lang='lat' dir='ltr'>Et</span> <span class='ocrx_word' id='word_1_194' title='bbox 264 1844 358 1908; x_wconf 72' lang='lat' dir='ltr'>jam</span> <span class='ocrx_word' id='word_1_195' title='bbox 382 1844 597 1894; x_wconf 61' lang='lat' dir='ltr'>damnati</span> <span class='ocrx_word' id='word_1_196' title='bbox 626 1846 750 1895; x_wconf 67' lang='lat' dir='ltr'>cessit</span> <span class='ocrx_word' id='word_1_197' title='bbox 775 1847 1053 1914; x_wconf 80' lang='lat' dir='ltr'>Carthagine</span> <span class='ocrx_word' id='word_1_198' title='bbox 1080 1849 1269 1898; x_wconf 79' lang='lat' dir='ltr'>Mavors</span> <span class='ocrx_word' id='word_1_199' title='bbox 1285 1890 1298 1912; x_wconf 85' lang='lat'>,</span> 
     </span>
    </p>
   </div>
   <div class='ocr_carea' id='block_1_13' title="bbox 175 1911 1468 2711">
    <p class='ocr_par' dir='ltr' id='par_1_19' title="bbox 175 1911 1468 2711">
     <span class='ocr_line' id='line_1_32' title="bbox 181 1911 1468 1979; baseline 0.006 -19"><span class='ocrx_word' id='word_1_200' title='bbox 181 1911 488 1961; x_wconf 84' lang='lat' dir='ltr'>Occumbam</span> <span class='ocrx_word' id='word_1_201' title='bbox 511 1913 656 1975; x_wconf 63' lang='lat' dir='ltr'>potitis</span> <span class='ocrx_word' id='word_1_202' title='bbox 673 1953 685 1975; x_wconf 86' lang='lat'>‚</span> <span class='ocrx_word' id='word_1_203' title='bbox 708 1932 796 1963; x_wconf 82' lang='lat' dir='ltr'>nec</span> <span class='ocrx_word' id='word_1_204' title='bbox 819 1929 891 1976; x_wconf 83' lang='lat' dir='ltr'>te,</span> <span class='ocrx_word' id='word_1_205' title='bbox 911 1915 1061 1964; x_wconf 81' lang='lat' dir='ltr'>Patria</span> <span class='ocrx_word' id='word_1_206' title='bbox 1082 1915 1276 1979; x_wconf 86' lang='lat' dir='ltr'>inclyta,</span> <span class='ocrx_word' id='word_1_207' title='bbox 1301 1918 1468 1968; x_wconf 86' lang='lat' dir='ltr'>dedam</span> 
     </span>
     <span class='ocr_line' id='line_1_33' title="bbox 179 1976 1449 2046; baseline 0.009 -21"><span class='ocrx_word' id='word_1_208' title='bbox 179 1976 425 2026; x_wconf 81' lang='lat' dir='ltr'>AEternum</span> <span class='ocrx_word' id='word_1_209' title='bbox 447 1980 670 2029; x_wconf 85' lang='lat' dir='ltr'>famulam</span> <span class='ocrx_word' id='word_1_210' title='bbox 693 2000 706 2044; x_wconf 84' lang='lat'>3</span> <span class='ocrx_word' id='word_1_211' title='bbox 734 1981 943 2046; x_wconf 85' lang='lat' dir='ltr'>liberque</span> <span class='ocrx_word' id='word_1_212' title='bbox 966 1983 1235 2032; x_wconf 86' lang='lat' dir='ltr'>Acheronta</span> <span class='ocrx_word' id='word_1_213' title='bbox 1259 1986 1449 2037; x_wconf 82' lang='lat' dir='ltr'>videbo.</span> 
     </span>
     <span class='ocr_line' id='line_1_34' title="bbox 179 2043 1427 2115; baseline 0.009 -23"><span class='ocrx_word' id='word_1_214' title='bbox 179 2043 311 2093; x_wconf 86' lang='lat' dir='ltr'>Nam</span> <span class='ocrx_word' id='word_1_215' title='bbox 331 2064 428 2109; x_wconf 84' lang='lat' dir='ltr'>quae</span> <span class='ocrx_word' id='word_1_216' title='bbox 444 2086 456 2108; x_wconf 88' lang='lat'>‚</span> <span class='ocrx_word' id='word_1_217' title='bbox 478 2048 564 2111; x_wconf 73' lang='lat' dir='ltr'>pro</span> <span class='ocrx_word' id='word_1_218' title='bbox 587 2047 777 2110; x_wconf 85' lang='lat' dir='ltr'>Superi!</span> <span class='ocrx_word' id='word_1_219' title='bbox 799 2049 966 2098; x_wconf 84' lang='lat' dir='ltr'>Fabius</span> <span class='ocrx_word' id='word_1_220' title='bbox 987 2050 1138 2115; x_wconf 71' lang='lat' dir='ltr'>jubet,</span> <span class='ocrx_word' id='word_1_221' title='bbox 1160 2052 1284 2100; x_wconf 74' lang='lat' dir='ltr'>ocids</span> <span class='ocrx_word' id='word_1_222' title='bbox 1301 2072 1427 2103; x_wconf 84' lang='lat' dir='ltr'>arma</span> 
     </span>
     <span class='ocr_line' id='line_1_35' title="bbox 179 2111 1342 2186; baseline 0.009 -27"><span class='ocrx_word' id='word_1_223' title='bbox 179 2111 373 2172; x_wconf 80' lang='lat' dir='ltr'>Exuite,</span> <span class='ocrx_word' id='word_1_224' title='bbox 397 2119 440 2162; x_wconf 68' lang='lat'>8&lt;</span> <span class='ocrx_word' id='word_1_225' title='bbox 462 2114 596 2177; x_wconf 61' lang='lat' dir='ltr'>capta</span> <span class='ocrx_word' id='word_1_226' title='bbox 619 2115 882 2165; x_wconf 85' lang='lat' dir='ltr'>descendite</span> <span class='ocrx_word' id='word_1_227' title='bbox 914 2119 969 2165; x_wconf 80' lang='lat' dir='ltr'>ab</span> <span class='ocrx_word' id='word_1_228' title='bbox 993 2136 1094 2167; x_wconf 85' lang='lat' dir='ltr'>arce</span> <span class='ocrx_word' id='word_1_229' title='bbox 1115 2118 1308 2186; x_wconf 74' lang='lat' dir='ltr'>Sagunti</span> <span class='ocrx_word' id='word_1_230' title='bbox 1329 2140 1342 2183; x_wconf 85' lang='lat'><em>3</em></span> 
     </span>
     <span class='ocr_line' id='line_1_36' title="bbox 180 2178 1431 2239; baseline 0.011 -14"><span class='ocrx_word' id='word_1_231' title='bbox 180 2178 309 2226; x_wconf 84' lang='lat' dir='ltr'>Tum</span> <span class='ocrx_word' id='word_1_232' title='bbox 333 2179 506 2229; x_wconf 64' lang='lat' dir='ltr'>dele-sta</span> <span class='ocrx_word' id='word_1_233' title='bbox 531 2199 690 2230; x_wconf 84' lang='lat' dir='ltr'>manus</span> <span class='ocrx_word' id='word_1_234' title='bbox 715 2183 945 2232; x_wconf 86' lang='lat' dir='ltr'>scutorum</span> <span class='ocrx_word' id='word_1_235' title='bbox 968 2185 1184 2234; x_wconf 84' lang='lat' dir='ltr'>incendat</span> <span class='ocrx_word' id='word_1_236' title='bbox 1207 2204 1397 2239; x_wconf 84' lang='lat' dir='ltr'>acervos</span> <span class='ocrx_word' id='word_1_237' title='bbox 1417 2209 1431 2238; x_wconf 74' lang='lat' dir='ltr'>t</span> 
     </span>
     <span class='ocr_line' id='line_1_37' title="bbox 178 2245 1260 2316; baseline 0.006 -20"><span class='ocrx_word' id='word_1_238' title='bbox 178 2245 479 2311; x_wconf 78' lang='lat' dir='ltr'>Utanturque</span> <span class='ocrx_word' id='word_1_239' title='bbox 507 2264 623 2296; x_wconf 84' lang='lat' dir='ltr'>rates</span> <span class='ocrx_word' id='word_1_240' title='bbox 639 2289 649 2309; x_wconf 89' lang='lat'>,</span> <span class='ocrx_word' id='word_1_241' title='bbox 674 2267 728 2297; x_wconf 83' lang='lat' dir='ltr'>ac</span> <span class='ocrx_word' id='word_1_242' title='bbox 749 2265 844 2298; x_wconf 89' lang='lat' dir='ltr'>toto</span> <span class='ocrx_word' id='word_1_243' title='bbox 870 2251 1059 2301; x_wconf 70' lang='lat' dir='ltr'>absistite</span> <span class='ocrx_word' id='word_1_244' title='bbox 1085 2268 1224 2316; x_wconf 87' lang='lat' dir='ltr'>ponto</span> <span class='ocrx_word' id='word_1_245' title='bbox 1248 2274 1260 2303; x_wconf 74' lang='lat' dir='ltr'>e</span> 
     </span>
     <span class='ocr_line' id='line_1_38' title="bbox 179 2312 1425 2386; baseline 0.011 -26"><span class='ocrx_word' id='word_1_246' title='bbox 179 2312 247 2361; x_wconf 76' lang='lat' dir='ltr'>Di</span> <span class='ocrx_word' id='word_1_247' title='bbox 275 2315 466 2377; x_wconf 86' lang='lat' dir='ltr'>procul,</span> <span class='ocrx_word' id='word_1_248' title='bbox 493 2332 519 2362; x_wconf 93' lang='lat' dir='ltr'>o</span> <span class='ocrx_word' id='word_1_249' title='bbox 544 2323 553 2362; x_wconf 78' lang='lat'>1</span> <span class='ocrx_word' id='word_1_250' title='bbox 578 2316 738 2364; x_wconf 86' lang='lat' dir='ltr'>merita</span> <span class='ocrx_word' id='word_1_251' title='bbox 761 2319 820 2365; x_wconf 82' lang='lat' dir='ltr'>est</span> <span class='ocrx_word' id='word_1_252' title='bbox 844 2318 873 2366; x_wconf 85' lang='lat' dir='ltr'>fi</span> <span class='ocrx_word' id='word_1_253' title='bbox 896 2335 1135 2384; x_wconf 87' lang='lat' dir='ltr'>nunquam</span> <span class='ocrx_word' id='word_1_254' title='bbox 1159 2320 1265 2370; x_wconf 77' lang='lat' dir='ltr'>talia</span> <span class='ocrx_word' id='word_1_255' title='bbox 1285 2323 1425 2386; x_wconf 67' lang='lat' dir='ltr'>plesti</span> 
     </span>
     <span class='ocr_line' id='line_1_39' title="bbox 176 2380 1332 2452; baseline 0.008 -23"><span class='ocrx_word' id='word_1_256' title='bbox 176 2380 413 2446; x_wconf 83' lang='lat' dir='ltr'>Carthago</span> <span class='ocrx_word' id='word_1_257' title='bbox 436 2422 448 2442; x_wconf 84' lang='lat'>‚</span> <span class='ocrx_word' id='word_1_258' title='bbox 473 2382 711 2444; x_wconf 84' lang='lat' dir='ltr'>prohioete</span> <span class='ocrx_word' id='word_1_259' title='bbox 737 2385 891 2447; x_wconf 86' lang='lat' dir='ltr'>nefas,</span> <span class='ocrx_word' id='word_1_260' title='bbox 916 2387 1141 2452; x_wconf 70' lang='lat' dir='ltr'>nostrique</span> <span class='ocrx_word' id='word_1_261' title='bbox 1163 2383 1332 2440; x_wconf 79' lang='lat' dir='ltr'>solutas</span> 
     </span>
     <span class='ocr_line' id='line_1_40' title="bbox 179 2447 1342 2521; baseline 0.011 -28"><span class='ocrx_word' id='word_1_262' title='bbox 179 2447 394 2495; x_wconf 49' lang='lat' dir='ltr'>Ductor-is</span> <span class='ocrx_word' id='word_1_263' title='bbox 415 2449 588 2497; x_wconf 85' lang='lat' dir='ltr'>servate</span> <span class='ocrx_word' id='word_1_264' title='bbox 612 2468 772 2500; x_wconf 83' lang='lat' dir='ltr'>manus</span> <span class='ocrx_word' id='word_1_265' title='bbox 799 2473 808 2500; x_wconf 75' lang='grc' dir='ltr'>ε</span> <span class='ocrx_word' id='word_1_266' title='bbox 831 2466 930 2501; x_wconf 92' lang='lat' dir='ltr'>tum</span> <span class='ocrx_word' id='word_1_267' title='bbox 951 2454 1115 2503; x_wconf 81' lang='lat' dir='ltr'>deinde</span> <span class='ocrx_word' id='word_1_268' title='bbox 1142 2457 1342 2521; x_wconf 76' lang='lat' dir='ltr'>resedit3</span> 
     </span>
     <span class='ocr_line' id='line_1_41' title="bbox 177 2511 1399 2588; baseline 0.014 -29"><span class='ocrx_word' id='word_1_269' title='bbox 177 2511 406 2588; x_wconf 54' lang='lat' dir='ltr'>Factaque</span> <span class='ocrx_word' id='word_1_270' title='bbox 435 2516 648 2565; x_wconf 79' lang='lat' dir='ltr'>censendi</span> <span class='ocrx_word' id='word_1_271' title='bbox 669 2518 875 2567; x_wconf 73' lang='lat' dir='ltr'>Patribus</span> <span class='ocrx_word' id='word_1_272' title='bbox 893 2561 904 2582; x_wconf 88' lang='lat'>‚</span> <span class='ocrx_word' id='word_1_273' title='bbox 922 2520 977 2568; x_wconf 89' lang='lat' dir='ltr'>de</span> <span class='ocrx_word' id='word_1_274' title='bbox 995 2540 1124 2570; x_wconf 70' lang='lat' dir='ltr'>more</span> <span class='ocrx_word' id='word_1_275' title='bbox 1139 2562 1151 2581; x_wconf 87' lang='lat'>‚</span> <span class='ocrx_word' id='word_1_276' title='bbox 1174 2527 1365 2586; x_wconf 86' lang='lat' dir='ltr'>potestas</span> <span class='ocrx_word' id='word_1_277' title='bbox 1387 2548 1399 2579; x_wconf 76' lang='grc' dir='ltr'><strong><em>ε</em></strong></span> 
     </span>
     <span class='ocr_line' id='line_1_42' title="bbox 243 2580 1362 2657; baseline 0.014 -30"><span class='ocrx_word' id='word_1_278' title='bbox 243 2580 338 2627; x_wconf 73' lang='lat' dir='ltr'>Hic</span> <span class='ocrx_word' id='word_1_279' title='bbox 362 2581 568 2630; x_wconf 83' lang='lat' dir='ltr'>Hannon</span> <span class='ocrx_word' id='word_1_280' title='bbox 589 2585 718 2634; x_wconf 85' lang='lat' dir='ltr'>reddi</span> <span class='ocrx_word' id='word_1_281' title='bbox 742 2605 935 2648; x_wconf 80' lang='lat' dir='ltr'>propere</span> <span class='ocrx_word' id='word_1_282' title='bbox 959 2589 1210 2638; x_wconf 80' lang='lat' dir='ltr'>certamine</span> <span class='ocrx_word' id='word_1_283' title='bbox 1233 2610 1362 2657; x_wconf 78' lang='lat' dir='ltr'>rapta</span> 
     </span>
     <span class='ocr_line' id='line_1_43' title="bbox 175 2647 1216 2711; baseline 0.007 -13"><span class='ocrx_word' id='word_1_284' title='bbox 175 2647 340 2711; x_wconf 84' lang='lat' dir='ltr'>Instat,</span> <span class='ocrx_word' id='word_1_285' title='bbox 369 2653 412 2698; x_wconf 70' lang='grc' dir='ltr'>ὃς</span> <span class='ocrx_word' id='word_1_286' title='bbox 434 2652 665 2702; x_wconf 43' lang='lat' dir='ltr'>auctorem</span> <span class='ocrx_word' id='word_1_287' title='bbox 689 2653 848 2706; x_wconf 81' lang='lat' dir='ltr'>violati</span> <span class='ocrx_word' id='word_1_288' title='bbox 868 2655 1052 2709; x_wconf 78' lang='lat' dir='ltr'>foederis</span> <span class='ocrx_word' id='word_1_289' title='bbox 1076 2657 1216 2708; x_wconf 73' lang='lat' dir='ltr'>addit.</span> 
     </span>
    </p>
   </div>
   <div class='ocr_carea' id='block_1_14' title="bbox 1162 2725 1274 2776">
    <p class='ocr_par' dir='ltr' id='par_1_20' title="bbox 1162 2725 1274 2776">
     <span class='ocr_line' id='line_1_44' title="bbox 1162 2725 1274 2776; baseline 0.018 -2"><span class='ocrx_word' id='word_1_290' title='bbox 1162 2725 1274 2776; x_wconf 77' lang='lat' dir='ltr'>ssiv</span> 
     </span>
    </p>
   </div>
  </div>
 </body>
</html>
